date,symbol,reportedCurrency,cik,fillingDate,acceptedDate,calendarYear,period,revenue,costOfRevenue,grossProfit,grossProfitRatio,researchAndDevelopmentExpenses,generalAndAdministrativeExpenses,sellingAndMarketingExpenses,sellingGeneralAndAdministrativeExpenses,otherExpenses,operatingExpenses,costAndExpenses,interestIncome,interestExpense,depreciationAndAmortization,ebitda,ebitdaratio,operatingIncome,operatingIncomeRatio,totalOtherIncomeExpensesNet,incomeBeforeTax,incomeBeforeTaxRatio,incomeTaxExpense,netIncome,netIncomeRatio,eps,epsdiluted,weightedAverageShsOut,weightedAverageShsOutDil,link,finalLink
2022-06-30,AYA.TO,USD,,2022-06-30,2022-06-30,2022,Q2,8573549.0,5780483.0,2793066.0,0.32577710817305644,0.0,2257342.0,0.0,2257342.0,93660.0,2351002.0,8131485.0,0.0,-58692.0,1395654.0,2357306.0,0.2749510150347307,505093.0,0.05891294258655313,971398.0,1476491.0,0.17221468029167383,752172.0,268172.0,0.03127899543118025,0.002551,0.002467,105104368.0,108687890.0,https://www.sedar.com/ModifyCompanyDocumentSearchForm.do?lang=EN&company_search=Aya Gold & Silver Inc.&document_selection=0&industry_group=A&FromDate=13&FromMonth=05&FromYear=2000&ToDate=13&ToMonth=11&ToYear=2020&Variable=Issuer,https://www.sedar.com/ModifyCompanyDocumentSearchForm.do?lang=EN&company_search=Aya Gold & Silver Inc.&document_selection=0&industry_group=A&FromDate=13&FromMonth=05&FromYear=2000&ToDate=13&ToMonth=11&ToYear=2020&Variable=Issuer
2022-03-31,AYA.TO,USD,,2022-03-31,2022-03-31,2022,Q1,9162864.0,6961784.0,2201080.0,0.24021746912319117,0.0,2218895.0,0.0,2218895.0,295195.0,2514090.0,9475874.0,0.0,-120628.0,1566843.0,-199131.0,-0.021732397206812193,-250396.0,-0.027327263615393615,-1200013.0,-1450409.0,-0.1582921016834911,511840.0,-2157186.0,-0.235427045517646,-0.02055,-0.02055,104971492.0,104971492.0,https://www.sedar.com/ModifyCompanyDocumentSearchForm.do?lang=EN&company_search=Aya Gold & Silver Inc.&document_selection=0&industry_group=A&FromDate=13&FromMonth=05&FromYear=2000&ToDate=13&ToMonth=11&ToYear=2020&Variable=Issuer,https://www.sedar.com/ModifyCompanyDocumentSearchForm.do?lang=EN&company_search=Aya Gold & Silver Inc.&document_selection=0&industry_group=A&FromDate=13&FromMonth=05&FromYear=2000&ToDate=13&ToMonth=11&ToYear=2020&Variable=Issuer
2021-12-31,AYA.TO,USD,,2021-12-31,2021-12-31,2021,Q4,8025122.0,4634254.0,3390868.0,0.42253164500178314,0.0,2442752.0,0.0,2442752.0,596923.0,3039675.0,7673929.0,0.0,41884.0,940148.0,966395.0,0.12042122225680806,408806.0,0.050940783205538805,-264734.0,144072.0,0.01795262427163101,1230105.0,-1245742.0,-0.15523028808783218,-0.011839853254257907,-0.011576236850908821,105216000.0,107612000.0,https://www.sedar.com/ModifyCompanyDocumentSearchForm.do?lang=EN&company_search=Aya Gold & Silver Inc.&document_selection=0&industry_group=A&FromDate=13&FromMonth=05&FromYear=2000&ToDate=13&ToMonth=11&ToYear=2020&Variable=Issuer,https://www.sedar.com/ModifyCompanyDocumentSearchForm.do?lang=EN&company_search=Aya Gold & Silver Inc.&document_selection=0&industry_group=A&FromDate=13&FromMonth=05&FromYear=2000&ToDate=13&ToMonth=11&ToYear=2020&Variable=Issuer
2021-09-30,AYA.TO,USD,,2021-09-30,2021-09-30,2021,Q3,7862243.0,4772246.0,3089997.0,0.39301723439481584,0.0,2072129.0,0.0,2072129.0,59583.0,2131712.0,6903958.0,0.0,-36345.0,666135.0,2030246.0,0.2582273277485827,1017868.0,0.1294628008826489,659573.0,1677441.0,0.21335400088753298,389629.0,1010827.0,0.1285672549169493,0.011,0.011,95677670.0,99060217.0,https://www.sedar.com/ModifyCompanyDocumentSearchForm.do?lang=EN&company_search=Aya Gold & Silver Inc.&document_selection=0&industry_group=A&FromDate=13&FromMonth=05&FromYear=2000&ToDate=13&ToMonth=11&ToYear=2020&Variable=Issuer,https://www.sedar.com/ModifyCompanyDocumentSearchForm.do?lang=EN&company_search=Aya Gold & Silver Inc.&document_selection=0&industry_group=A&FromDate=13&FromMonth=05&FromYear=2000&ToDate=13&ToMonth=11&ToYear=2020&Variable=Issuer
2021-06-30,AYA.TO,USD,,2021-06-30,2021-06-30,2021,Q2,9873276.0,4922434.0,4950842.0,0.5014386309062969,0.0,2956994.0,0.0,2956994.0,56200.0,3013194.0,7935628.0,44207.0,355.0,778643.0,1552132.0,0.15720536932219864,1993848.0,0.20194391405648945,-594880.0,1398968.0,0.141692382548609,1148275.0,-375141.0,-0.03799559538293065,-0.003939,-0.003939,95247737.0,97842226.0,https://www.sedar.com/ModifyCompanyDocumentSearchForm.do?lang=EN&company_search=Aya Gold & Silver Inc.&document_selection=0&industry_group=A&FromDate=13&FromMonth=05&FromYear=2000&ToDate=13&ToMonth=11&ToYear=2020&Variable=Issuer,https://www.sedar.com/ModifyCompanyDocumentSearchForm.do?lang=EN&company_search=Aya Gold & Silver Inc.&document_selection=0&industry_group=A&FromDate=13&FromMonth=05&FromYear=2000&ToDate=13&ToMonth=11&ToYear=2020&Variable=Issuer
2021-03-31,AYA.TO,USD,,2021-03-31,2021-03-31,2021,Q1,8541273.0,3963251.0,4578022.0,0.5359882537415676,0.0,2119544.0,0.0,2119544.0,56049.0,2175593.0,6138844.0,43307.0,3594.0,813150.0,2197390.0,0.2572672715179576,2458478.0,0.2878350803211652,-561576.0,1896902.0,0.22208656718969175,1077232.0,303414.0,0.035523276214213036,0.00322263977355893,0.0030687535142635736,94150765.0,98872066.0,https://www.sedar.com/ModifyCompanyDocumentSearchForm.do?lang=EN&company_search=Aya Gold & Silver Inc.&document_selection=0&industry_group=A&FromDate=13&FromMonth=05&FromYear=2000&ToDate=13&ToMonth=11&ToYear=2020&Variable=Issuer,https://www.sedar.com/ModifyCompanyDocumentSearchForm.do?lang=EN&company_search=Aya Gold & Silver Inc.&document_selection=0&industry_group=A&FromDate=13&FromMonth=05&FromYear=2000&ToDate=13&ToMonth=11&ToYear=2020&Variable=Issuer
2020-12-31,AYA.TO,USD,,2020-12-31,2020-12-31,2020,Q4,9508703.0,4991686.0,4517017.0,0.47504028677728183,0.0,921880.0,0.0,921880.0,41132.0,963012.0,5954698.0,32350.0,129265.0,1015995.0,3108959.0,0.326959312957824,2960000.0,0.3112937695077867,-410453.0,2549547.0,0.26812773519164496,914407.0,1049292.0,0.11035069661971775,0.011,0.011,94150765.0,98872066.0,https://www.sedar.com/ModifyCompanyDocumentSearchForm.do?lang=EN&company_search=Aya Gold & Silver Inc.&document_selection=0&industry_group=A&FromDate=13&FromMonth=05&FromYear=2000&ToDate=13&ToMonth=11&ToYear=2020&Variable=Issuer,https://www.sedar.com/ModifyCompanyDocumentSearchForm.do?lang=EN&company_search=Aya Gold & Silver Inc.&document_selection=0&industry_group=A&FromDate=13&FromMonth=05&FromYear=2000&ToDate=13&ToMonth=11&ToYear=2020&Variable=Issuer
2020-09-30,AYA.TO,USD,,2020-09-30,2020-09-30,2020,Q3,1748191.0,1562804.0,185387.0,0.10604504885335755,0.0,3318889.0,0.0,3318889.0,55586.0,3374475.0,4937279.0,52800.0,10963.0,427841.0,-1399816.0,-0.8007225755080537,-2117947.0,-1.2115077814723907,343376.0,-1774571.0,-1.0150898843433012,9933.0,-1848553.0,-1.057409058849977,-0.021,-0.021,83311321.0,83311321.0,https://www.sedar.com/ModifyCompanyDocumentSearchForm.do?lang=EN&company_search=Aya Gold & Silver Inc.&document_selection=0&industry_group=A&FromDate=13&FromMonth=05&FromYear=2000&ToDate=13&ToMonth=11&ToYear=2020&Variable=Issuer,https://www.sedar.com/ModifyCompanyDocumentSearchForm.do?lang=EN&company_search=Aya Gold & Silver Inc.&document_selection=0&industry_group=A&FromDate=13&FromMonth=05&FromYear=2000&ToDate=13&ToMonth=11&ToYear=2020&Variable=Issuer
2020-06-30,AYA.TO,USD,,2020-06-30,2020-06-30,2020,Q2,2040753.0,2703983.0,-663230.0,-0.32499278452610386,0.0,760467.0,0.0,760467.0,40153.0,800620.0,3504603.0,49350.0,16246.0,417943.0,-670768.0,-0.328686519142689,-1378899.0,-0.6756814763962126,194652.0,-1184247.0,-0.5802990366791082,10246.0,-1115203.0,-0.5464664268532252,-0.015,-0.015,79568153.0,79568153.0,https://www.sedar.com/ModifyCompanyDocumentSearchForm.do?lang=EN&company_search=Aya Gold & Silver Inc.&document_selection=0&industry_group=A&FromDate=13&FromMonth=05&FromYear=2000&ToDate=13&ToMonth=11&ToYear=2020&Variable=Issuer,https://www.sedar.com/ModifyCompanyDocumentSearchForm.do?lang=EN&company_search=Aya Gold & Silver Inc.&document_selection=0&industry_group=A&FromDate=13&FromMonth=05&FromYear=2000&ToDate=13&ToMonth=11&ToYear=2020&Variable=Issuer
2020-03-31,AYA.TO,USD,,2020-03-31,2020-03-31,2020,Q1,525062.0,566946.0,-41884.0,-0.07976962720592996,0.0,734747.0,0.0,734747.0,3822.0,738569.0,1305515.0,95207.0,68538.0,344664.0,46265.0,0.08811340375041424,-275743.0,-0.5251627426856257,-157036.0,-432779.0,-0.8242436131352107,2954.0,-369891.0,-0.7044710910330589,-0.005,-0.005,79548510.0,79548510.0,https://www.sedar.com/ModifyCompanyDocumentSearchForm.do?lang=EN&company_search=Aya Gold & Silver Inc.&document_selection=0&industry_group=A&FromDate=13&FromMonth=05&FromYear=2000&ToDate=13&ToMonth=11&ToYear=2020&Variable=Issuer,https://www.sedar.com/ModifyCompanyDocumentSearchForm.do?lang=EN&company_search=Aya Gold & Silver Inc.&document_selection=0&industry_group=A&FromDate=13&FromMonth=05&FromYear=2000&ToDate=13&ToMonth=11&ToYear=2020&Variable=Issuer
2019-12-31,AYA.TO,USD,,2019-12-31,2019-12-31,2019,Q4,1986469.0,2431971.0,-445502.0,-0.22426828709635035,0.0,242170.0,0.0,242170.0,246067.0,488237.0,2920208.0,261535.0,156968.0,734293.0,-412435.0,-0.20762216777608913,-1400549.0,-0.705044478418742,179455.0,-1221094.0,-0.6147057920360197,658643.0,-1962339.0,-0.987852818241815,-0.02467,-0.02467,79548510.0,79548510.0,https://www.sedar.com/ModifyCompanyDocumentSearchForm.do?lang=EN&company_search=Aya Gold & Silver Inc.&document_selection=0&industry_group=A&FromDate=13&FromMonth=05&FromYear=2000&ToDate=13&ToMonth=11&ToYear=2020&Variable=Issuer,https://www.sedar.com/ModifyCompanyDocumentSearchForm.do?lang=EN&company_search=Aya Gold & Silver Inc.&document_selection=0&industry_group=A&FromDate=13&FromMonth=05&FromYear=2000&ToDate=13&ToMonth=11&ToYear=2020&Variable=Issuer
2019-09-30,AYA.TO,USD,,2019-09-30,2019-09-30,2019,Q3,1533754.0,1215027.0,318727.0,0.20780842299351787,0.0,104417.0,0.0,104417.0,0.0,104417.0,1319444.0,205229.0,85447.0,392435.0,830755.0,0.5416481391409574,278783.0,0.18176513313086715,74090.0,352873.0,0.23007144561644174,7631.0,345242.0,0.22509607146908828,0.004,0.004,78864425.0,78878546.0,https://www.sedar.com/ModifyCompanyDocumentSearchForm.do?lang=EN&company_search=Aya Gold & Silver Inc.&document_selection=0&industry_group=A&FromDate=13&FromMonth=05&FromYear=2000&ToDate=13&ToMonth=11&ToYear=2020&Variable=Issuer,https://www.sedar.com/ModifyCompanyDocumentSearchForm.do?lang=EN&company_search=Aya Gold & Silver Inc.&document_selection=0&industry_group=A&FromDate=13&FromMonth=05&FromYear=2000&ToDate=13&ToMonth=11&ToYear=2020&Variable=Issuer
2019-06-30,AYA.TO,USD,,2019-06-30,2019-06-30,2019,Q2,2945847.0,2051640.0,894207.0,0.3035483512891199,0.0,251751.0,0.0,251751.0,115619.0,367370.0,2419010.0,68735.0,49760.0,211184.0,918883.0,0.31192488951394964,780215.0,0.2648525194960906,-122276.0,657939.0,0.2233445932528064,-2870.0,660809.0,0.22431884615867695,0.008,0.008,78573342.0,78588739.0,https://www.sedar.com/ModifyCompanyDocumentSearchForm.do?lang=EN&company_search=Aya Gold & Silver Inc.&document_selection=0&industry_group=A&FromDate=13&FromMonth=05&FromYear=2000&ToDate=13&ToMonth=11&ToYear=2020&Variable=Issuer,https://www.sedar.com/ModifyCompanyDocumentSearchForm.do?lang=EN&company_search=Aya Gold & Silver Inc.&document_selection=0&industry_group=A&FromDate=13&FromMonth=05&FromYear=2000&ToDate=13&ToMonth=11&ToYear=2020&Variable=Issuer
2019-03-31,AYA.TO,USD,,2019-03-31,2019-03-31,2019,Q1,2067397.0,1510863.0,556534.0,0.2691955149398011,0.0,202189.0,0.0,202189.0,4645.0,206834.0,1717697.0,23312.0,44310.0,264535.0,628834.0,0.30416702742627566,392044.0,0.1896316962828136,-72055.0,319989.0,0.15477869030476488,15244.0,304745.0,0.14740516698050737,0.004,0.004,78356675.0,79447592.0,https://www.sedar.com/ModifyCompanyDocumentSearchForm.do?lang=EN&company_search=Aya Gold & Silver Inc.&document_selection=0&industry_group=A&FromDate=13&FromMonth=05&FromYear=2000&ToDate=13&ToMonth=11&ToYear=2020&Variable=Issuer,https://www.sedar.com/ModifyCompanyDocumentSearchForm.do?lang=EN&company_search=Aya Gold & Silver Inc.&document_selection=0&industry_group=A&FromDate=13&FromMonth=05&FromYear=2000&ToDate=13&ToMonth=11&ToYear=2020&Variable=Issuer
2018-12-31,AYA.TO,USD,,2018-12-31,2018-12-31,2018,Q4,0.0,0.0,0.0,0.0,0.0,69043.965415,0.0,69043.965415,332301.152941,401345.118356,401345.118356,95101.468387,-661765.712269,0.0,-829791.001736,0.0,0.0,0.0,667775.075167,525452.743437,0.0,-69566.799019,595019.542456,0.0,0.0076,0.0075,78356675.0,79447592.0,https://www.sedar.com/ModifyCompanyDocumentSearchForm.do?lang=EN&company_search=Aya Gold & Silver Inc.&document_selection=0&industry_group=A&FromDate=13&FromMonth=05&FromYear=2000&ToDate=13&ToMonth=11&ToYear=2020&Variable=Issuer,https://www.sedar.com/ModifyCompanyDocumentSearchForm.do?lang=EN&company_search=Aya Gold & Silver Inc.&document_selection=0&industry_group=A&FromDate=13&FromMonth=05&FromYear=2000&ToDate=13&ToMonth=11&ToYear=2020&Variable=Issuer
2018-09-30,AYA.TO,USD,,2018-09-30,2018-09-30,2018,Q3,0.0,0.0,0.0,0.0,0.0,372424.362041,0.0,372424.362041,5332.002074000018,377756.364115,377756.364115,83960.650459,144035.262885,0.0,-311533.192468,0.0,0.0,0.0,-2368.402721,-440199.379262,0.0,54556.853275,-494756.232537,0.0,-0.00774,-0.00774,77683865.0,77683865.0,https://www.sedar.com/ModifyCompanyDocumentSearchForm.do?lang=EN&company_search=Aya Gold & Silver Inc.&document_selection=0&industry_group=A&FromDate=13&FromMonth=05&FromYear=2000&ToDate=13&ToMonth=11&ToYear=2020&Variable=Issuer,https://www.sedar.com/ModifyCompanyDocumentSearchForm.do?lang=EN&company_search=Aya Gold & Silver Inc.&document_selection=0&industry_group=A&FromDate=13&FromMonth=05&FromYear=2000&ToDate=13&ToMonth=11&ToYear=2020&Variable=Issuer
2018-06-30,AYA.TO,USD,,2018-06-30,2018-06-30,2018,Q2,0.0,0.0,0.0,0.0,0.0,1295741.332117,0.0,1295741.332117,5157.390511000063,1300898.722628,1300898.722628,9330.139903,561408.911192,0.0,-1349898.114355,0.0,495310.979319,0.0,-2654545.316302,-2159234.336983,0.0,10033.454988,-2169267.791971,0.0,-0.02281,-0.02281,75393721.0,75393721.0,https://www.sedar.com/ModifyCompanyDocumentSearchForm.do?lang=EN&company_search=Aya Gold & Silver Inc.&document_selection=0&industry_group=A&FromDate=13&FromMonth=05&FromYear=2000&ToDate=13&ToMonth=11&ToYear=2020&Variable=Issuer,https://www.sedar.com/ModifyCompanyDocumentSearchForm.do?lang=EN&company_search=Aya Gold & Silver Inc.&document_selection=0&industry_group=A&FromDate=13&FromMonth=05&FromYear=2000&ToDate=13&ToMonth=11&ToYear=2020&Variable=Issuer
2018-03-31,AYA.TO,USD,,2018-03-31,2018-03-31,2018,Q1,0.0,0.0,0.0,0.0,0.0,215190.373313,0.0,215190.373313,83950.87539999999,299141.248713,299141.248713,0.0,26710.339861,0.0,-327936.131825,0.0,-260606.623768,0.0,-139456.098373,-400062.722141,0.0,4799.405301,-404862.127442,0.0,-0.007743,-0.007743,61125575.0,61125575.0,https://www.sedar.com/ModifyCompanyDocumentSearchForm.do?lang=EN&company_search=Aya Gold & Silver Inc.&document_selection=0&industry_group=A&FromDate=13&FromMonth=05&FromYear=2000&ToDate=13&ToMonth=11&ToYear=2020&Variable=Issuer,https://www.sedar.com/ModifyCompanyDocumentSearchForm.do?lang=EN&company_search=Aya Gold & Silver Inc.&document_selection=0&industry_group=A&FromDate=13&FromMonth=05&FromYear=2000&ToDate=13&ToMonth=11&ToYear=2020&Variable=Issuer
2017-12-31,AYA.TO,USD,,2017-12-31,2017-12-31,2017,Q4,0.0,0.0,0.0,0.0,0.0,286021.687722,0.0,286021.687722,271487.872764,557509.560486,557509.560486,0.0,-280330.243937,0.0,-638472.747576,0.0,-253489.840857,0.0,364667.87793,111178.037073,0.0,125695.611471,-14517.574399,0.0,-0.00024,-0.00024,61125575.0,61125575.0,https://www.sedar.com/ModifyCompanyDocumentSearchForm.do?lang=EN&company_search=Aya Gold & Silver Inc.&document_selection=0&industry_group=A&FromDate=13&FromMonth=05&FromYear=2000&ToDate=13&ToMonth=11&ToYear=2020&Variable=Issuer,https://www.sedar.com/ModifyCompanyDocumentSearchForm.do?lang=EN&company_search=Aya Gold & Silver Inc.&document_selection=0&industry_group=A&FromDate=13&FromMonth=05&FromYear=2000&ToDate=13&ToMonth=11&ToYear=2020&Variable=Issuer
2017-09-30,AYA.TO,USD,,2017-09-30,2017-09-30,2017,Q3,0.0,0.0,0.0,0.0,0.0,212519.64886,0.0,212519.64886,0.0,212519.64886,212519.64886,-219722.215505,283384.521132,0.0,-255674.590699,0.0,-245046.875126,0.0,-326539.462971,-571586.338097,0.0,-15078.232691,-556508.105407,0.0,-0.010521,-0.010521,52893311.0,52893311.0,https://www.sedar.com/ModifyCompanyDocumentSearchForm.do?lang=EN&company_search=Aya Gold & Silver Inc.&document_selection=0&industry_group=A&FromDate=13&FromMonth=05&FromYear=2000&ToDate=13&ToMonth=11&ToYear=2020&Variable=Issuer,https://www.sedar.com/ModifyCompanyDocumentSearchForm.do?lang=EN&company_search=Aya Gold & Silver Inc.&document_selection=0&industry_group=A&FromDate=13&FromMonth=05&FromYear=2000&ToDate=13&ToMonth=11&ToYear=2020&Variable=Issuer
2017-06-30,AYA.TO,USD,,2017-06-30,2017-06-30,2017,Q2,0.0,0.0,0.0,0.0,0.0,275420.588054,0.0,275420.588054,0.0,275420.588054,275420.588054,-47820.938673,168499.723196,0.0,-344804.545734,0.0,-109307.529064,0.0,-237883.68087599997,-347191.20994,0.0,100798.886633,-447990.096574,0.0,-0.008755969442281084,-0.008755969442281084,51163963.0,51163963.0,https://www.sedar.com/ModifyCompanyDocumentSearchForm.do?lang=EN&company_search=Aya Gold & Silver Inc.&document_selection=0&industry_group=A&FromDate=13&FromMonth=05&FromYear=2000&ToDate=13&ToMonth=11&ToYear=2020&Variable=Issuer,https://www.sedar.com/ModifyCompanyDocumentSearchForm.do?lang=EN&company_search=Aya Gold & Silver Inc.&document_selection=0&industry_group=A&FromDate=13&FromMonth=05&FromYear=2000&ToDate=13&ToMonth=11&ToYear=2020&Variable=Issuer
2017-03-31,AYA.TO,USD,,2017-03-31,2017-03-31,2017,Q1,0.0,0.0,0.0,0.0,0.0,383284.092443,0.0,383284.092443,86039.83263100003,469323.925074,469323.925074,0.0,113075.331064,0.0,-530817.048846,0.0,-288778.32601,0.0,-260608.28746700002,-549386.613477,0.0,82241.035408,-631627.648885,0.0,-0.012345,-0.012345,51163963.0,51163963.0,https://www.sedar.com/ModifyCompanyDocumentSearchForm.do?lang=EN&company_search=Aya Gold & Silver Inc.&document_selection=0&industry_group=A&FromDate=13&FromMonth=05&FromYear=2000&ToDate=13&ToMonth=11&ToYear=2020&Variable=Issuer,https://www.sedar.com/ModifyCompanyDocumentSearchForm.do?lang=EN&company_search=Aya Gold & Silver Inc.&document_selection=0&industry_group=A&FromDate=13&FromMonth=05&FromYear=2000&ToDate=13&ToMonth=11&ToYear=2020&Variable=Issuer
2016-12-31,AYA.TO,USD,,2016-12-31,2016-12-31,2016,Q4,0.0,0.0,0.0,0.0,0.0,303811.261881,0.0,303811.261881,337884.08600599994,641695.347887,641695.347887,0.0,-55809.211015,0.0,-726595.363461,0.0,-797874.034853,0.0,-369158.822655,-1167032.857508,0.0,132512.46187,-1299545.319378,0.0,-0.0254,-0.0254,51163963.0,51163963.0,https://www.sedar.com/ModifyCompanyDocumentSearchForm.do?lang=EN&company_search=Aya Gold & Silver Inc.&document_selection=0&industry_group=A&FromDate=13&FromMonth=05&FromYear=2000&ToDate=13&ToMonth=11&ToYear=2020&Variable=Issuer,https://www.sedar.com/ModifyCompanyDocumentSearchForm.do?lang=EN&company_search=Aya Gold & Silver Inc.&document_selection=0&industry_group=A&FromDate=13&FromMonth=05&FromYear=2000&ToDate=13&ToMonth=11&ToYear=2020&Variable=Issuer
2016-09-30,AYA.TO,USD,,2016-09-30,2016-09-30,2016,Q3,0.0,0.0,0.0,0.0,0.0,269012.359764,0.0,269012.359764,0.0,269012.359764,269012.359764,-163316.980415,244711.922419,0.0,-336312.606959,0.0,-91731.507891,0.0,-312012.169614,-403743.677505,0.0,0.0,-403743.677505,0.0,-0.008129,-0.008129,49666969.0,49666969.0,https://www.sedar.com/ModifyCompanyDocumentSearchForm.do?lang=EN&company_search=Aya Gold & Silver Inc.&document_selection=0&industry_group=A&FromDate=13&FromMonth=05&FromYear=2000&ToDate=13&ToMonth=11&ToYear=2020&Variable=Issuer,https://www.sedar.com/ModifyCompanyDocumentSearchForm.do?lang=EN&company_search=Aya Gold & Silver Inc.&document_selection=0&industry_group=A&FromDate=13&FromMonth=05&FromYear=2000&ToDate=13&ToMonth=11&ToYear=2020&Variable=Issuer
2016-06-30,AYA.TO,USD,,2016-06-30,2016-06-30,2016,Q2,0.0,0.0,0.0,0.0,0.0,491832.459924,0.0,491832.459924,0.0,491832.459924,491832.459924,-182649.291224,342868.957628,0.0,-562518.357062,0.0,884403.839911,0.0,-2178822.520058,-1294418.680147,0.0,0.0,-1294418.680147,0.0,-0.030917,-0.030917,46809904.0,46809904.0,https://www.sedar.com/ModifyCompanyDocumentSearchForm.do?lang=EN&company_search=Aya Gold & Silver Inc.&document_selection=0&industry_group=A&FromDate=13&FromMonth=05&FromYear=2000&ToDate=13&ToMonth=11&ToYear=2020&Variable=Issuer,https://www.sedar.com/ModifyCompanyDocumentSearchForm.do?lang=EN&company_search=Aya Gold & Silver Inc.&document_selection=0&industry_group=A&FromDate=13&FromMonth=05&FromYear=2000&ToDate=13&ToMonth=11&ToYear=2020&Variable=Issuer
2016-03-31,AYA.TO,USD,,2016-03-31,2016-03-31,2016,Q1,0.0,0.0,0.0,0.0,0.0,205567.625035,0.0,205567.625035,0.0,205567.625035,205567.625035,-242952.451388,242952.451388,0.0,-269246.710425,0.0,-627772.641829,0.0,230214.78536799998,-397557.856461,0.0,0.0,-397557.856461,0.0,-0.009988673775331264,-0.009988673775331264,39800865.0,39800865.0,https://www.sedar.com/ModifyCompanyDocumentSearchForm.do?lang=EN&company_search=Aya Gold & Silver Inc.&document_selection=0&industry_group=A&FromDate=13&FromMonth=05&FromYear=2000&ToDate=13&ToMonth=11&ToYear=2020&Variable=Issuer,https://www.sedar.com/ModifyCompanyDocumentSearchForm.do?lang=EN&company_search=Aya Gold & Silver Inc.&document_selection=0&industry_group=A&FromDate=13&FromMonth=05&FromYear=2000&ToDate=13&ToMonth=11&ToYear=2020&Variable=Issuer
2015-12-31,AYA.TO,USD,,2015-12-31,2015-12-31,2015,Q4,0.0,0.0,0.0,0.0,0.0,134699.134697,0.0,134699.134697,488743.8837199999,623443.018417,623443.018417,0.0,-454855.386484,0.0,-841987.492336,0.0,-45649.005595,0.0,-136228.471261,-181877.476856,0.0,-8204.174205,-173673.302651,0.0,-0.00436,-0.00436,39800865.0,39800865.0,https://www.sedar.com/ModifyCompanyDocumentSearchForm.do?lang=EN&company_search=Aya Gold & Silver Inc.&document_selection=0&industry_group=A&FromDate=13&FromMonth=05&FromYear=2000&ToDate=13&ToMonth=11&ToYear=2020&Variable=Issuer,https://www.sedar.com/ModifyCompanyDocumentSearchForm.do?lang=EN&company_search=Aya Gold & Silver Inc.&document_selection=0&industry_group=A&FromDate=13&FromMonth=05&FromYear=2000&ToDate=13&ToMonth=11&ToYear=2020&Variable=Issuer
2015-09-30,AYA.TO,USD,,2015-09-30,2015-09-30,2015,Q3,0.0,0.0,0.0,0.0,0.0,234262.942272,0.0,234262.942272,0.0,234262.942272,234262.942272,-269717.690875,269717.690875,0.0,-278770.204842,0.0,695329.608939,0.0,-4484540.782123,-3789211.173184,0.0,251932.960894,-4041144.134078,0.0,-0.119181,-0.119181,35268736.0,35268736.0,https://www.sedar.com/ModifyCompanyDocumentSearchForm.do?lang=EN&company_search=Aya Gold & Silver Inc.&document_selection=0&industry_group=A&FromDate=13&FromMonth=05&FromYear=2000&ToDate=13&ToMonth=11&ToYear=2020&Variable=Issuer,https://www.sedar.com/ModifyCompanyDocumentSearchForm.do?lang=EN&company_search=Aya Gold & Silver Inc.&document_selection=0&industry_group=A&FromDate=13&FromMonth=05&FromYear=2000&ToDate=13&ToMonth=11&ToYear=2020&Variable=Issuer
2015-06-30,AYA.TO,USD,,2015-06-30,2015-06-30,2015,Q2,0.0,0.0,0.0,0.0,0.0,324314.635345,0.0,324314.635345,0.0,324314.635345,324314.635345,-603487.444716,603487.444716,0.0,-452300.392327,0.0,-56077.047635,0.0,-758132.9402000001,-814209.987835,0.0,0.0,-814209.987835,0.0,-0.032224,-0.032224,31850868.0,31850868.0,https://www.sedar.com/ModifyCompanyDocumentSearchForm.do?lang=EN&company_search=Aya Gold & Silver Inc.&document_selection=0&industry_group=A&FromDate=13&FromMonth=05&FromYear=2000&ToDate=13&ToMonth=11&ToYear=2020&Variable=Issuer,https://www.sedar.com/ModifyCompanyDocumentSearchForm.do?lang=EN&company_search=Aya Gold & Silver Inc.&document_selection=0&industry_group=A&FromDate=13&FromMonth=05&FromYear=2000&ToDate=13&ToMonth=11&ToYear=2020&Variable=Issuer
2015-03-31,AYA.TO,USD,,2015-03-31,2015-03-31,2015,Q1,0.0,0.0,0.0,0.0,0.0,365099.384761,0.0,365099.384761,0.0,365099.384761,365099.384761,-460491.402429,460491.402429,0.0,-365099.384761,0.0,-769951.096387,0.0,-574896.6713999999,-1344847.767787,0.0,0.0,-1344847.767787,0.0,-0.031551,-0.031551,30757535.0,30757535.0,https://www.sedar.com/ModifyCompanyDocumentSearchForm.do?lang=EN&company_search=Aya Gold & Silver Inc.&document_selection=0&industry_group=A&FromDate=13&FromMonth=05&FromYear=2000&ToDate=13&ToMonth=11&ToYear=2020&Variable=Issuer,https://www.sedar.com/ModifyCompanyDocumentSearchForm.do?lang=EN&company_search=Aya Gold & Silver Inc.&document_selection=0&industry_group=A&FromDate=13&FromMonth=05&FromYear=2000&ToDate=13&ToMonth=11&ToYear=2020&Variable=Issuer
2014-12-31,AYA.TO,USD,,2014-12-31,2014-12-31,2014,Q4,0.0,0.0,0.0,0.0,0.0,269836.604195,0.0,269836.604195,677651.919751,947488.523946,947488.523946,0.0,-437390.675275,0.0,-1240024.230232,0.0,-8787003.014097,0.0,-563025.1943690013,-9350028.208466,0.0,-17910.391269,-9332117.817198,0.0,-0.30341,-0.30341,30757535.0,30757535.0,https://www.sedar.com/ModifyCompanyDocumentSearchForm.do?lang=EN&company_search=Aya Gold & Silver Inc.&document_selection=0&industry_group=A&FromDate=13&FromMonth=05&FromYear=2000&ToDate=13&ToMonth=11&ToYear=2020&Variable=Issuer,https://www.sedar.com/ModifyCompanyDocumentSearchForm.do?lang=EN&company_search=Aya Gold & Silver Inc.&document_selection=0&industry_group=A&FromDate=13&FromMonth=05&FromYear=2000&ToDate=13&ToMonth=11&ToYear=2020&Variable=Issuer
2014-09-30,AYA.TO,USD,,2014-09-30,2014-09-30,2014,Q3,0.0,0.0,0.0,0.0,0.0,427642.494938,0.0,427642.494938,20501.17364600004,448143.668584,448143.668584,-672938.056586,672938.056586,0.0,-448143.668584,0.0,-647908.043506,0.0,-555057.4280129999,-1202965.471519,0.0,-14396.423516,-1188569.048003,0.0,-0.035837,-0.035837,29538879.0,29538879.0,https://www.sedar.com/ModifyCompanyDocumentSearchForm.do?lang=EN&company_search=Aya Gold & Silver Inc.&document_selection=0&industry_group=A&FromDate=13&FromMonth=05&FromYear=2000&ToDate=13&ToMonth=11&ToYear=2020&Variable=Issuer,https://www.sedar.com/ModifyCompanyDocumentSearchForm.do?lang=EN&company_search=Aya Gold & Silver Inc.&document_selection=0&industry_group=A&FromDate=13&FromMonth=05&FromYear=2000&ToDate=13&ToMonth=11&ToYear=2020&Variable=Issuer
2014-06-30,AYA.TO,USD,,2014-06-30,2014-06-30,2014,Q2,0.0,0.0,0.0,0.0,0.0,1202968.440983,0.0,1202968.440983,0.0,1202968.440983,1202968.440983,-600315.871364,600315.871364,0.0,-1202968.440983,0.0,-1628434.983925,0.0,-537606.5011389998,-2166041.485064,0.0,0.0,-2166041.485064,0.0,-0.074984,-0.074984,29061612.0,29061612.0,https://www.sedar.com/ModifyCompanyDocumentSearchForm.do?lang=EN&company_search=Aya Gold & Silver Inc.&document_selection=0&industry_group=A&FromDate=13&FromMonth=05&FromYear=2000&ToDate=13&ToMonth=11&ToYear=2020&Variable=Issuer,https://www.sedar.com/ModifyCompanyDocumentSearchForm.do?lang=EN&company_search=Aya Gold & Silver Inc.&document_selection=0&industry_group=A&FromDate=13&FromMonth=05&FromYear=2000&ToDate=13&ToMonth=11&ToYear=2020&Variable=Issuer
2014-03-31,AYA.TO,USD,,2014-03-31,2014-03-31,2014,Q1,0.0,0.0,0.0,0.0,0.0,431554.759449,0.0,431554.759449,0.0,431554.759449,431554.759449,-200910.094266,200910.094266,0.0,-431554.759449,0.0,-223371.148383,0.0,-329781.61356300005,-553152.761946,0.0,-344522.245744,-208630.516203,0.0,-0.0072035479156288915,-0.0072035479156288915,28962189.0,28962189.0,https://www.sedar.com/ModifyCompanyDocumentSearchForm.do?lang=EN&company_search=Aya Gold & Silver Inc.&document_selection=0&industry_group=A&FromDate=13&FromMonth=05&FromYear=2000&ToDate=13&ToMonth=11&ToYear=2020&Variable=Issuer,https://www.sedar.com/ModifyCompanyDocumentSearchForm.do?lang=EN&company_search=Aya Gold & Silver Inc.&document_selection=0&industry_group=A&FromDate=13&FromMonth=05&FromYear=2000&ToDate=13&ToMonth=11&ToYear=2020&Variable=Issuer
2013-12-31,AYA.TO,USD,,2013-12-31,2013-12-31,2013,Q4,0.0,2482.737982,-2482.737982,0.0,0.0,456294.932508,0.0,456294.932508,0.0,456294.932508,458777.67049,-100940.85146,100940.85146,2482.737982,-456294.932508,0.0,-508271.130831,0.0,-580938.545862,-1089209.676693,0.0,-216237.92012,-872971.756573,0.0,-0.03014,-0.03014,28962189.0,28962189.0,https://www.sedar.com/ModifyCompanyDocumentSearchForm.do?lang=EN&company_search=Aya Gold & Silver Inc.&document_selection=0&industry_group=A&FromDate=13&FromMonth=05&FromYear=2000&ToDate=13&ToMonth=11&ToYear=2020&Variable=Issuer,https://www.sedar.com/ModifyCompanyDocumentSearchForm.do?lang=EN&company_search=Aya Gold & Silver Inc.&document_selection=0&industry_group=A&FromDate=13&FromMonth=05&FromYear=2000&ToDate=13&ToMonth=11&ToYear=2020&Variable=Issuer
2013-09-30,AYA.TO,USD,,2013-09-30,2013-09-30,2013,Q3,0.0,2836.425677,-2836.425677,0.0,0.0,416230.442622,0.0,416230.442622,0.0,416230.442622,419066.868299,-113603.404486,113603.404486,2836.425677,-416230.442622,0.0,-431144.458016,0.0,-270859.264429,-702003.722445,0.0,-117409.216929,-584594.505516,0.0,-0.021435554935322572,-0.021435554935322572,27272189.0,27272189.0,https://www.sedar.com/ModifyCompanyDocumentSearchForm.do?lang=EN&company_search=Aya Gold & Silver Inc.&document_selection=0&industry_group=A&FromDate=13&FromMonth=05&FromYear=2000&ToDate=13&ToMonth=11&ToYear=2020&Variable=Issuer,https://www.sedar.com/ModifyCompanyDocumentSearchForm.do?lang=EN&company_search=Aya Gold & Silver Inc.&document_selection=0&industry_group=A&FromDate=13&FromMonth=05&FromYear=2000&ToDate=13&ToMonth=11&ToYear=2020&Variable=Issuer
2013-06-30,AYA.TO,USD,,2013-06-30,2013-06-30,2013,Q2,0.0,2781.89629,-2781.89629,0.0,0.0,596640.24483,0.0,596640.24483,0.0,596640.24483,599422.141119,-113835.348236,113835.348236,2781.89629,-596640.24483,0.0,-368365.077555,0.0,-415722.893856,-784087.971411,0.0,0.0,-784087.971411,0.0,-0.028750459723310074,-0.028750459723310074,27272189.0,27272189.0,https://www.sedar.com/ModifyCompanyDocumentSearchForm.do?lang=EN&company_search=Aya Gold & Silver Inc.&document_selection=0&industry_group=A&FromDate=13&FromMonth=05&FromYear=2000&ToDate=13&ToMonth=11&ToYear=2020&Variable=Issuer,https://www.sedar.com/ModifyCompanyDocumentSearchForm.do?lang=EN&company_search=Aya Gold & Silver Inc.&document_selection=0&industry_group=A&FromDate=13&FromMonth=05&FromYear=2000&ToDate=13&ToMonth=11&ToYear=2020&Variable=Issuer
2013-03-31,AYA.TO,USD,,2013-03-31,2013-03-31,2013,Q1,0.0,2875.816993,-2875.816993,0.0,0.0,948747.358593,0.0,948747.358593,0.0,948747.358593,951623.175586,-21326.846528,21326.846528,2875.816993,-948747.358593,0.0,-1012742.640916,0.0,-60977.935033999966,-1073720.57595,0.0,-39698.265271,-1034022.310679,0.0,-0.039314,-0.039314,26995578.0,26995578.0,https://www.sedar.com/ModifyCompanyDocumentSearchForm.do?lang=EN&company_search=Aya Gold & Silver Inc.&document_selection=0&industry_group=A&FromDate=13&FromMonth=05&FromYear=2000&ToDate=13&ToMonth=11&ToYear=2020&Variable=Issuer,https://www.sedar.com/ModifyCompanyDocumentSearchForm.do?lang=EN&company_search=Aya Gold & Silver Inc.&document_selection=0&industry_group=A&FromDate=13&FromMonth=05&FromYear=2000&ToDate=13&ToMonth=11&ToYear=2020&Variable=Issuer
2012-12-31,AYA.TO,USD,,2012-12-31,2012-12-31,2012,Q4,0.0,4075.068102,-4075.068102,0.0,0.0,-119670.478267,0.0,-119670.478267,-2888.493776999996,-122558.972044,-118483.903942,0.0,21776.791529,1186.574325,119670.478267,0.0,-415263.205372,0.0,152196.32837300003,-263066.876999,0.0,0.0,91962.625529,0.0,0.0034,0.0034,26995578.0,26995578.0,https://www.sedar.com/ModifyCompanyDocumentSearchForm.do?lang=EN&company_search=Aya Gold & Silver Inc.&document_selection=0&industry_group=A&FromDate=13&FromMonth=05&FromYear=2000&ToDate=13&ToMonth=11&ToYear=2020&Variable=Issuer,https://www.sedar.com/ModifyCompanyDocumentSearchForm.do?lang=EN&company_search=Aya Gold & Silver Inc.&document_selection=0&industry_group=A&FromDate=13&FromMonth=05&FromYear=2000&ToDate=13&ToMonth=11&ToYear=2020&Variable=Issuer
2012-09-30,AYA.TO,USD,,2012-09-30,2012-09-30,2012,Q3,0.0,0.0,0.0,0.0,0.0,484963.169926,0.0,484963.169926,897.1297950000153,485860.299721,485860.299721,0.0,27179.070358,897.129794,-484963.169926,0.0,-409146.050292,0.0,-59001.27000299998,-468147.320295,0.0,0.0,-468147.320295,0.0,-0.022418439335111687,-0.022418439335111687,20882244.0,20882244.0,https://www.sedar.com/ModifyCompanyDocumentSearchForm.do?lang=EN&company_search=Aya Gold & Silver Inc.&document_selection=0&industry_group=A&FromDate=13&FromMonth=05&FromYear=2000&ToDate=13&ToMonth=11&ToYear=2020&Variable=Issuer,https://www.sedar.com/ModifyCompanyDocumentSearchForm.do?lang=EN&company_search=Aya Gold & Silver Inc.&document_selection=0&industry_group=A&FromDate=13&FromMonth=05&FromYear=2000&ToDate=13&ToMonth=11&ToYear=2020&Variable=Issuer
2012-06-30,AYA.TO,USD,,2012-06-30,2012-06-30,2012,Q2,0.0,0.0,0.0,0.0,0.0,471136.564743,0.0,471136.564743,710061.9408119998,1181198.505555,1181198.505555,0.0,11031.363681,931.078557,-1180267.426998,0.0,-1192229.869236,0.0,0.0,-1192229.869236,0.0,0.0,-1192229.869236,0.0,-0.078655,-0.078655,17261467.0,17261467.0,https://www.sedar.com/ModifyCompanyDocumentSearchForm.do?lang=EN&company_search=Aya Gold & Silver Inc.&document_selection=0&industry_group=A&FromDate=13&FromMonth=05&FromYear=2000&ToDate=13&ToMonth=11&ToYear=2020&Variable=Issuer,https://www.sedar.com/ModifyCompanyDocumentSearchForm.do?lang=EN&company_search=Aya Gold & Silver Inc.&document_selection=0&industry_group=A&FromDate=13&FromMonth=05&FromYear=2000&ToDate=13&ToMonth=11&ToYear=2020&Variable=Issuer
2012-03-31,AYA.TO,USD,,2012-03-31,2012-03-31,2012,Q1,0.0,0.0,0.0,0.0,0.0,664623.988935,0.0,664623.988935,1015.3250939999707,665639.314029,665639.314029,0.0,10035.9824,1015.325094,-664623.988935,0.0,-665639.314029,0.0,0.0,0.0,0.0,0.0,-675675.296429,0.0,-0.040092,-0.040092,15524104.0,15524104.0,https://www.sedar.com/ModifyCompanyDocumentSearchForm.do?lang=EN&company_search=Aya Gold & Silver Inc.&document_selection=0&industry_group=A&FromDate=13&FromMonth=05&FromYear=2000&ToDate=13&ToMonth=11&ToYear=2020&Variable=Issuer,https://www.sedar.com/ModifyCompanyDocumentSearchForm.do?lang=EN&company_search=Aya Gold & Silver Inc.&document_selection=0&industry_group=A&FromDate=13&FromMonth=05&FromYear=2000&ToDate=13&ToMonth=11&ToYear=2020&Variable=Issuer
2011-12-31,AYA.TO,USD,,2011-12-31,2011-12-31,2011,Q4,0.0,0.0,0.0,0.0,0.0,1105862.728137,0.0,780704.204478,375702.26486999984,1156406.469348,1156406.469348,74.599357,-2959.721157,1425.085633,-1154906.784357,0.0,-1171612.212819,0.0,3034.3205150000285,-1168577.892304,0.0,0.0,-1154865.845292,0.0,-0.07439,-0.07439,15524104.0,15524104.0,https://www.sedar.com/ModifyCompanyDocumentSearchForm.do?lang=EN&company_search=Aya Gold & Silver Inc.&document_selection=0&industry_group=A&FromDate=13&FromMonth=05&FromYear=2000&ToDate=13&ToMonth=11&ToYear=2020&Variable=Issuer,https://www.sedar.com/ModifyCompanyDocumentSearchForm.do?lang=EN&company_search=Aya Gold & Silver Inc.&document_selection=0&industry_group=A&FromDate=13&FromMonth=05&FromYear=2000&ToDate=13&ToMonth=11&ToYear=2020&Variable=Issuer
2011-09-30,AYA.TO,USD,,2011-09-30,2011-09-30,2011,Q3,0.0,0.0,0.0,0.0,0.0,276883.492339,124552.375446,401435.867785,1337.5734790000133,402773.441264,402773.441264,262.118146,0.0,1337.57348,-395587.356654,0.0,-385872.602872,0.0,5848.511131000007,-380024.091741,0.0,0.0,-380024.091741,0.0,-0.038547,-0.038547,12309160.0,12309160.0,https://www.sedar.com/ModifyCompanyDocumentSearchForm.do?lang=EN&company_search=Aya Gold & Silver Inc.&document_selection=0&industry_group=A&FromDate=13&FromMonth=05&FromYear=2000&ToDate=13&ToMonth=11&ToYear=2020&Variable=Issuer,https://www.sedar.com/ModifyCompanyDocumentSearchForm.do?lang=EN&company_search=Aya Gold & Silver Inc.&document_selection=0&industry_group=A&FromDate=13&FromMonth=05&FromYear=2000&ToDate=13&ToMonth=11&ToYear=2020&Variable=Issuer
2011-06-30,AYA.TO,USD,,2011-06-30,2011-06-30,2011,Q2,0.0,0.0,0.0,0.0,0.0,381756.700946,126146.078553,507902.779499,3743.8566059999866,511646.636105,511646.636105,38.202618,2949.861645,1438.113113,-510170.320373,0.0,-511646.636105,0.0,-2911.6590260000085,-514558.295131,0.0,0.0,-514558.295131,0.0,-0.0413,-0.0413,11974455.0,11974455.0,https://www.sedar.com/ModifyCompanyDocumentSearchForm.do?lang=EN&company_search=Aya Gold & Silver Inc.&document_selection=0&industry_group=A&FromDate=13&FromMonth=05&FromYear=2000&ToDate=13&ToMonth=11&ToYear=2020&Variable=Issuer,https://www.sedar.com/ModifyCompanyDocumentSearchForm.do?lang=EN&company_search=Aya Gold & Silver Inc.&document_selection=0&industry_group=A&FromDate=13&FromMonth=05&FromYear=2000&ToDate=13&ToMonth=11&ToYear=2020&Variable=Issuer
2011-03-31,AYA.TO,USD,,2011-03-31,2011-03-31,2011,Q1,492.843988,0.0,492.843988,1.0,88479.385951,823629.759957,0.0,823629.759957,1428.1157729999395,913537.261681,913537.261681,12.346822,10577.111049,1428.115772,-911603.9550989999,-1849.680583095598,-913044.417693,-1852.6033388338706,-10564.764226999949,-923609.18192,-1874.0396644952073,0.0,-923609.18192,-1874.0396644952073,-0.082312,-0.082312,10534744.0,10534744.0,https://www.sedar.com/ModifyCompanyDocumentSearchForm.do?lang=EN&company_search=Aya Gold & Silver Inc.&document_selection=0&industry_group=A&FromDate=13&FromMonth=05&FromYear=2000&ToDate=13&ToMonth=11&ToYear=2020&Variable=Issuer,https://www.sedar.com/ModifyCompanyDocumentSearchForm.do?lang=EN&company_search=Aya Gold & Silver Inc.&document_selection=0&industry_group=A&FromDate=13&FromMonth=05&FromYear=2000&ToDate=13&ToMonth=11&ToYear=2020&Variable=Issuer
2010-12-31,AYA.TO,USD,,2010-12-31,2010-12-31,2010,Q4,-2650.707501,0.0,-2650.707501,-1.0,53901.274575,407503.864782,0.0,407503.864782,-80834.04348699999,380571.09587,380571.09587,0.0,0.0,1921.337091,-362973.398612,-136.9345348270473,0.0,0.0,0.0,0.0,0.0,0.0,-364894.735703,-137.65937417287296,-0.03464,-0.03464,10534744.0,10534744.0,https://www.sedar.com/ModifyCompanyDocumentSearchForm.do?lang=EN&company_search=Aya Gold & Silver Inc.&document_selection=0&industry_group=A&FromDate=13&FromMonth=05&FromYear=2000&ToDate=13&ToMonth=11&ToYear=2020&Variable=Issuer,https://www.sedar.com/ModifyCompanyDocumentSearchForm.do?lang=EN&company_search=Aya Gold & Silver Inc.&document_selection=0&industry_group=A&FromDate=13&FromMonth=05&FromYear=2000&ToDate=13&ToMonth=11&ToYear=2020&Variable=Issuer
2010-09-30,AYA.TO,USD,,2010-09-30,2010-09-30,2010,Q3,37.798023,0.0,37.798023,1.0,92289.203334,293146.927699,0.0,293146.927699,5462.298895000014,390898.429928,390898.429928,37.798023,0.0,1596.119962,-389264.511943,-10298.541591527155,0.0,0.0,0.0,0.0,0.0,0.0,-390860.631905,-10340.769195918,-0.038767,-0.038767,8178820.0,8178820.0,https://www.sedar.com/ModifyCompanyDocumentSearchForm.do?lang=EN&company_search=Aya Gold & Silver Inc.&document_selection=0&industry_group=A&FromDate=13&FromMonth=05&FromYear=2000&ToDate=13&ToMonth=11&ToYear=2020&Variable=Issuer,https://www.sedar.com/ModifyCompanyDocumentSearchForm.do?lang=EN&company_search=Aya Gold & Silver Inc.&document_selection=0&industry_group=A&FromDate=13&FromMonth=05&FromYear=2000&ToDate=13&ToMonth=11&ToYear=2020&Variable=Issuer
2010-06-30,AYA.TO,USD,,2010-06-30,2010-06-30,2010,Q2,2489.327388,0.0,2489.327388,1.0,36007.020207,226391.234228,0.0,226391.234228,90760.83863000001,353159.093065,353159.093065,1.897353,0.0,1440.325962,-349229.439715,-140.2906830971644,0.0,0.0,0.0,0.0,0.0,0.0,-350669.765677,-140.86928355323263,-0.037947,-0.037947,7282449.0,7282449.0,https://www.sedar.com/ModifyCompanyDocumentSearchForm.do?lang=EN&company_search=Aya Gold & Silver Inc.&document_selection=0&industry_group=A&FromDate=13&FromMonth=05&FromYear=2000&ToDate=13&ToMonth=11&ToYear=2020&Variable=Issuer,https://www.sedar.com/ModifyCompanyDocumentSearchForm.do?lang=EN&company_search=Aya Gold & Silver Inc.&document_selection=0&industry_group=A&FromDate=13&FromMonth=05&FromYear=2000&ToDate=13&ToMonth=11&ToYear=2020&Variable=Issuer
2010-03-31,AYA.TO,USD,,2010-03-31,2010-03-31,2010,Q1,1589.1701,0.0,1589.1701,1.0,0.0,236952.128703,59436.923681,296389.052384,1693.1528350000153,298082.205219,298082.205219,71.610751,0.0,1693.152835,-294799.882284,-185.50555556261725,0.0,0.0,0.0,0.0,0.0,0.0,-296493.035119,-186.57098766142153,-0.039239,-0.039239,7014141.0,7014141.0,https://www.sedar.com/ModifyCompanyDocumentSearchForm.do?lang=EN&company_search=Aya Gold & Silver Inc.&document_selection=0&industry_group=A&FromDate=13&FromMonth=05&FromYear=2000&ToDate=13&ToMonth=11&ToYear=2020&Variable=Issuer,https://www.sedar.com/ModifyCompanyDocumentSearchForm.do?lang=EN&company_search=Aya Gold & Silver Inc.&document_selection=0&industry_group=A&FromDate=13&FromMonth=05&FromYear=2000&ToDate=13&ToMonth=11&ToYear=2020&Variable=Issuer
2009-12-31,AYA.TO,USD,,2009-12-31,2009-12-31,2009,Q4,-997.28693,0.0,-997.28693,-1.0,0.0,275506.386049,0.0,405717.445165,-92562.579072,313154.866093,313154.866093,672.085622,0.0,1740.473506,-1591521.2784610002,-1595.8509337538396,-314152.153024,-315.006788491653,-1171906.84849,0.0,0.0,0.0,-1593261.751967,-1597.596142132335,-0.22715,-0.22715,7014141.0,7014141.0,https://www.sedar.com/ModifyCompanyDocumentSearchForm.do?lang=EN&company_search=Aya Gold & Silver Inc.&document_selection=0&industry_group=A&FromDate=13&FromMonth=05&FromYear=2000&ToDate=13&ToMonth=11&ToYear=2020&Variable=Issuer,https://www.sedar.com/ModifyCompanyDocumentSearchForm.do?lang=EN&company_search=Aya Gold & Silver Inc.&document_selection=0&industry_group=A&FromDate=13&FromMonth=05&FromYear=2000&ToDate=13&ToMonth=11&ToYear=2020&Variable=Issuer
2009-09-30,AYA.TO,USD,,2009-09-30,2009-09-30,2009,Q3,0.0,0.0,0.0,0.0,0.0,133390.401347,0.0,133390.401347,22299.56029599998,155689.961643,155689.961643,0.0,0.0,2823.688163,-152866.27348,0.0,-155689.961643,0.0,0.0,0.0,0.0,0.0,-155689.961643,0.0,-0.026617627175836406,-0.026617627175836406,5849130.0,5849130.0,https://www.sedar.com/ModifyCompanyDocumentSearchForm.do?lang=EN&company_search=Aya Gold & Silver Inc.&document_selection=0&industry_group=A&FromDate=13&FromMonth=05&FromYear=2000&ToDate=13&ToMonth=11&ToYear=2020&Variable=Issuer,https://www.sedar.com/ModifyCompanyDocumentSearchForm.do?lang=EN&company_search=Aya Gold & Silver Inc.&document_selection=0&industry_group=A&FromDate=13&FromMonth=05&FromYear=2000&ToDate=13&ToMonth=11&ToYear=2020&Variable=Issuer
2009-06-30,AYA.TO,USD,,2009-06-30,2009-06-30,2009,Q2,0.0,0.0,0.0,0.0,0.0,268643.783109,0.0,268643.783109,5006.244884999993,273650.027994,273650.027994,0.0,0.0,2250.394854,-273230.03066,0.0,0.0,0.0,1830.397519,0.0,0.0,0.0,-271819.630475,0.0,-0.068909,-0.068909,4444699.0,4444699.0,https://www.sedar.com/ModifyCompanyDocumentSearchForm.do?lang=EN&company_search=Aya Gold & Silver Inc.&document_selection=0&industry_group=A&FromDate=13&FromMonth=05&FromYear=2000&ToDate=13&ToMonth=11&ToYear=2020&Variable=Issuer,https://www.sedar.com/ModifyCompanyDocumentSearchForm.do?lang=EN&company_search=Aya Gold & Silver Inc.&document_selection=0&industry_group=A&FromDate=13&FromMonth=05&FromYear=2000&ToDate=13&ToMonth=11&ToYear=2020&Variable=Issuer
2009-03-31,AYA.TO,USD,,2009-03-31,2009-03-31,2009,Q1,1332.858161,0.0,1332.858161,1.0,0.0,133274.728756,0.0,133274.728756,5573.770492000011,138848.499248,138848.499248,1332.858161,0.0,2010.770571,-135504.870516,-101.66488414216191,0.0,0.0,0.0,0.0,0.0,0.0,-137515.641087,-103.1734997096964,-0.031678,-0.031678,4136167.0,4136167.0,https://www.sedar.com/ModifyCompanyDocumentSearchForm.do?lang=EN&company_search=Aya Gold & Silver Inc.&document_selection=0&industry_group=A&FromDate=13&FromMonth=05&FromYear=2000&ToDate=13&ToMonth=11&ToYear=2020&Variable=Issuer,https://www.sedar.com/ModifyCompanyDocumentSearchForm.do?lang=EN&company_search=Aya Gold & Silver Inc.&document_selection=0&industry_group=A&FromDate=13&FromMonth=05&FromYear=2000&ToDate=13&ToMonth=11&ToYear=2020&Variable=Issuer
2008-12-31,AYA.TO,USD,,2008-12-31,2008-12-31,2008,Q4,0.0,0.0,0.0,0.0,0.0,0.0,0.0,81374.15178,18201.008417000005,99575.160197,99575.160197,0.0,0.0,1965.182616,-87826.082758,0.0,0.0,0.0,0.0,0.0,0.0,0.0,-83929.750165,0.0,-0.02029,-0.02029,4136167.0,4136167.0,https://www.sedar.com/ModifyCompanyDocumentSearchForm.do?lang=EN&company_search=Aya Gold & Silver Inc.&document_selection=0&industry_group=A&FromDate=13&FromMonth=05&FromYear=2000&ToDate=13&ToMonth=11&ToYear=2020&Variable=Issuer,https://www.sedar.com/ModifyCompanyDocumentSearchForm.do?lang=EN&company_search=Aya Gold & Silver Inc.&document_selection=0&industry_group=A&FromDate=13&FromMonth=05&FromYear=2000&ToDate=13&ToMonth=11&ToYear=2020&Variable=Issuer
2008-09-30,AYA.TO,USD,,2008-09-30,2008-09-30,2008,Q3,0.0,0.0,0.0,0.0,0.0,0.0,0.0,107578.877763,1864.7269979999983,109443.604761,109443.604761,0.0,0.0,1864.726998,-107578.877763,0.0,-109443.604761,0.0,-6079.727943,0.0,0.0,0.0,-115523.332704,0.0,-0.027937928102539297,-0.027937928102539297,4135000.0,4135000.0,https://www.sedar.com/ModifyCompanyDocumentSearchForm.do?lang=EN&company_search=Aya Gold & Silver Inc.&document_selection=0&industry_group=A&FromDate=13&FromMonth=05&FromYear=2000&ToDate=13&ToMonth=11&ToYear=2020&Variable=Issuer,https://www.sedar.com/ModifyCompanyDocumentSearchForm.do?lang=EN&company_search=Aya Gold & Silver Inc.&document_selection=0&industry_group=A&FromDate=13&FromMonth=05&FromYear=2000&ToDate=13&ToMonth=11&ToYear=2020&Variable=Issuer
2008-06-30,AYA.TO,USD,,2008-06-30,2008-06-30,2008,Q2,0.0,0.0,0.0,0.0,0.0,0.0,0.0,117366.869719,0.0,117366.869719,117366.869719,0.0,0.0,0.0,-117366.869719,0.0,-117366.869719,0.0,226.96011,0.0,0.0,0.0,-117139.909609,0.0,-0.058569954804499995,-0.058569954804499995,2000000.0,2000000.0,https://www.sedar.com/ModifyCompanyDocumentSearchForm.do?lang=EN&company_search=Aya Gold & Silver Inc.&document_selection=0&industry_group=A&FromDate=13&FromMonth=05&FromYear=2000&ToDate=13&ToMonth=11&ToYear=2020&Variable=Issuer,https://www.sedar.com/ModifyCompanyDocumentSearchForm.do?lang=EN&company_search=Aya Gold & Silver Inc.&document_selection=0&industry_group=A&FromDate=13&FromMonth=05&FromYear=2000&ToDate=13&ToMonth=11&ToYear=2020&Variable=Issuer
2008-03-31,AYA.TO,USD,,2008-03-31,2008-03-31,2008,Q1,0.0,0.0,0.0,0.0,0.0,0.0,0.0,32378.31536,0.0,32378.31536,32378.31536,0.0,0.0,0.0,-32378.31536,0.0,-32378.31536,0.0,0.0,0.0,0.0,0.0,-32378.31536,0.0,-0.388614,-0.388614,82960.0,82960.0,https://www.sedar.com/ModifyCompanyDocumentSearchForm.do?lang=EN&company_search=Aya Gold & Silver Inc.&document_selection=0&industry_group=A&FromDate=13&FromMonth=05&FromYear=2000&ToDate=13&ToMonth=11&ToYear=2020&Variable=Issuer,https://www.sedar.com/ModifyCompanyDocumentSearchForm.do?lang=EN&company_search=Aya Gold & Silver Inc.&document_selection=0&industry_group=A&FromDate=13&FromMonth=05&FromYear=2000&ToDate=13&ToMonth=11&ToYear=2020&Variable=Issuer
