date,symbol,reportedCurrency,cik,fillingDate,acceptedDate,calendarYear,period,revenue,costOfRevenue,grossProfit,grossProfitRatio,researchAndDevelopmentExpenses,generalAndAdministrativeExpenses,sellingAndMarketingExpenses,sellingGeneralAndAdministrativeExpenses,otherExpenses,operatingExpenses,costAndExpenses,interestIncome,interestExpense,depreciationAndAmortization,ebitda,ebitdaratio,operatingIncome,operatingIncomeRatio,totalOtherIncomeExpensesNet,incomeBeforeTax,incomeBeforeTaxRatio,incomeTaxExpense,netIncome,netIncomeRatio,eps,epsdiluted,weightedAverageShsOut,weightedAverageShsOutDil,link,finalLink
2022-06-30,CXB.TO,USD,,2022-06-30,2022-06-30,2022,Q2,111260000.0,83007000.0,28253000.0,0.25393672478878304,0.0,3262000.0,0.0,3262000.0,-911000.0,2351000.0,85358000.0,166000.0,294000.0,13073000.0,39265000.0,0.35291209778896276,26224000.0,0.2357001617832105,-326000.0,25898000.0,0.23277008808197017,10470000.0,15428000.0,0.13866618730900593,0.03,0.03,448735000.0,470116000.0,https://www.sedar.com/ModifyCompanyDocumentSearchForm.do?lang=EN&company_search=Calibre Mining Corp.&document_selection=0&industry_group=A&FromDate=13&FromMonth=05&FromYear=2000&ToDate=13&ToMonth=11&ToYear=2020&Variable=Issuer,https://www.sedar.com/ModifyCompanyDocumentSearchForm.do?lang=EN&company_search=Calibre Mining Corp.&document_selection=0&industry_group=A&FromDate=13&FromMonth=05&FromYear=2000&ToDate=13&ToMonth=11&ToYear=2020&Variable=Issuer
2022-03-31,CXB.TO,USD,,2022-03-31,2022-03-31,2022,Q1,99565000.0,68030000.0,31535000.0,0.316727765781148,0.0,9134000.0,0.0,9134000.0,1880000.0,11014000.0,79044000.0,156000.0,284000.0,12506000.0,32666000.0,0.328087179229649,20280000.0,0.20368603424898307,-404000.0,19876000.0,0.19962838346808617,8175000.0,11701000.0,0.11752121729523426,0.03,0.03,444599000.0,462006000.0,https://www.sedar.com/ModifyCompanyDocumentSearchForm.do?lang=EN&company_search=Calibre Mining Corp.&document_selection=0&industry_group=A&FromDate=13&FromMonth=05&FromYear=2000&ToDate=13&ToMonth=11&ToYear=2020&Variable=Issuer,https://www.sedar.com/ModifyCompanyDocumentSearchForm.do?lang=EN&company_search=Calibre Mining Corp.&document_selection=0&industry_group=A&FromDate=13&FromMonth=05&FromYear=2000&ToDate=13&ToMonth=11&ToYear=2020&Variable=Issuer
2021-12-31,CXB.TO,USD,,2021-12-31,2021-12-31,2021,Q4,88109000.0,64850000.0,23259000.0,0.263979843148827,0.0,2503000.0,0.0,2503000.0,83000.0,2586000.0,67436000.0,101000.0,201000.0,14379000.0,34709000.0,0.39393251540705265,20673000.0,0.23462983350168543,-544000.0,20129000.0,0.2284556628721243,5480000.0,14649000.0,0.16625997344198662,0.04291477101282844,0.04291477101282844,341351000.0,341351000.0,https://www.sedar.com/ModifyCompanyDocumentSearchForm.do?lang=EN&company_search=Calibre Mining Corp.&document_selection=0&industry_group=A&FromDate=13&FromMonth=05&FromYear=2000&ToDate=13&ToMonth=11&ToYear=2020&Variable=Issuer,https://www.sedar.com/ModifyCompanyDocumentSearchForm.do?lang=EN&company_search=Calibre Mining Corp.&document_selection=0&industry_group=A&FromDate=13&FromMonth=05&FromYear=2000&ToDate=13&ToMonth=11&ToYear=2020&Variable=Issuer
2021-09-30,CXB.TO,USD,,2021-09-30,2021-09-30,2021,Q3,79204000.0,52477000.0,26727000.0,0.3374450785313873,0.0,1989000.0,0.0,1989000.0,84000.0,2073000.0,54550000.0,150000.0,204000.0,8920000.0,33379000.0,0.42143073582142315,24654000.0,0.3112721579718196,-399000.0,24255000.0,0.30623453360941366,9234000.0,15021000.0,0.1896495126508762,0.04,0.04,341351000.0,365110000.0,https://www.sedar.com/ModifyCompanyDocumentSearchForm.do?lang=EN&company_search=Calibre Mining Corp.&document_selection=0&industry_group=A&FromDate=13&FromMonth=05&FromYear=2000&ToDate=13&ToMonth=11&ToYear=2020&Variable=Issuer,https://www.sedar.com/ModifyCompanyDocumentSearchForm.do?lang=EN&company_search=Calibre Mining Corp.&document_selection=0&industry_group=A&FromDate=13&FromMonth=05&FromYear=2000&ToDate=13&ToMonth=11&ToYear=2020&Variable=Issuer
2021-06-30,CXB.TO,USD,,2021-06-30,2021-06-30,2021,Q2,78785000.0,54481000.0,24304000.0,0.30848511772545534,0.0,3241000.0,0.0,3241000.0,371000.0,3612000.0,58093000.0,132000.0,204000.0,7967000.0,28685000.0,0.3640921495208479,20692000.0,0.2626388271879165,-178000.0,20514000.0,0.2603795138668528,8629000.0,11885000.0,0.1508535888811322,0.04,0.03,337163000.0,365799000.0,https://www.sedar.com/ModifyCompanyDocumentSearchForm.do?lang=EN&company_search=Calibre Mining Corp.&document_selection=0&industry_group=A&FromDate=13&FromMonth=05&FromYear=2000&ToDate=13&ToMonth=11&ToYear=2020&Variable=Issuer,https://www.sedar.com/ModifyCompanyDocumentSearchForm.do?lang=EN&company_search=Calibre Mining Corp.&document_selection=0&industry_group=A&FromDate=13&FromMonth=05&FromYear=2000&ToDate=13&ToMonth=11&ToYear=2020&Variable=Issuer
2021-03-31,CXB.TO,USD,,2021-03-31,2021-03-31,2021,Q1,82034000.0,52074000.0,29960000.0,0.365214423287905,0.0,2679000.0,0.0,2791000.0,0.0,2791000.0,54865000.0,109000.0,6000.0,7166000.0,34179000.0,0.41664431820952286,27169000.0,0.3311919448033742,-162000.0,27007000.0,0.3292171538630324,10362000.0,16645000.0,0.20290367408635443,0.05,0.05,334284000.0,364356000.0,https://www.sedar.com/ModifyCompanyDocumentSearchForm.do?lang=EN&company_search=CALIBRE MINING CORP&document_selection=0&industry_group=A&FromDate=13&FromMonth=05&FromYear=2000&ToDate=13&ToMonth=11&ToYear=2020&Variable=Issuer,https://www.sedar.com/ModifyCompanyDocumentSearchForm.do?lang=EN&company_search=CALIBRE MINING CORP&document_selection=0&industry_group=A&FromDate=13&FromMonth=05&FromYear=2000&ToDate=13&ToMonth=11&ToYear=2020&Variable=Issuer
2020-12-31,CXB.TO,USD,,2020-12-31,2020-12-31,2020,Q4,79677000.0,45086000.0,34591000.0,0.4341403416293284,0.0,2674000.0,0.0,2908000.0,0.0,2908000.0,47994000.0,42000.0,7000.0,5324000.0,34550000.0,0.4336257640222398,31683000.0,0.39764298354606725,-2464000.0,29219000.0,0.3667181244273755,5964000.0,23255000.0,0.2918659086059967,0.07055842954017931,0.07055842954017931,329585000.0,329585000.0,https://www.sedar.com/ModifyCompanyDocumentSearchForm.do?lang=EN&company_search=CALIBRE MINING CORP&document_selection=0&industry_group=A&FromDate=13&FromMonth=05&FromYear=2000&ToDate=13&ToMonth=11&ToYear=2020&Variable=Issuer,https://www.sedar.com/ModifyCompanyDocumentSearchForm.do?lang=EN&company_search=CALIBRE MINING CORP&document_selection=0&industry_group=A&FromDate=13&FromMonth=05&FromYear=2000&ToDate=13&ToMonth=11&ToYear=2020&Variable=Issuer
2020-09-30,CXB.TO,USD,,2020-09-30,2020-09-30,2020,Q3,85791000.0,39915000.0,45876000.0,0.5347414064412351,0.0,3593000.0,0.0,3981000.0,0.0,3981000.0,43896000.0,40000.0,17000.0,4689000.0,45823000.0,0.5341236260213775,41895000.0,0.48833793754589644,-778000.0,41117000.0,0.47926938723176093,8187000.0,32930000.0,0.3838397967152732,0.1,0.09,329585000.0,362616000.0,https://www.sedar.com/ModifyCompanyDocumentSearchForm.do?lang=EN&company_search=CALIBRE MINING CORP&document_selection=0&industry_group=A&FromDate=13&FromMonth=05&FromYear=2000&ToDate=13&ToMonth=11&ToYear=2020&Variable=Issuer,https://www.sedar.com/ModifyCompanyDocumentSearchForm.do?lang=EN&company_search=CALIBRE MINING CORP&document_selection=0&industry_group=A&FromDate=13&FromMonth=05&FromYear=2000&ToDate=13&ToMonth=11&ToYear=2020&Variable=Issuer
2020-06-30,CXB.TO,USD,,2020-06-30,2020-06-30,2020,Q2,15910000.0,10117000.0,5793000.0,0.3641106222501571,0.0,3240000.0,0.0,10545000.0,0.0,10545000.0,20662000.0,53000.0,6000.0,1138000.0,-2267000.0,-0.1424890006285355,-4752000.0,-0.29868007542426145,1341000.0,-3411000.0,-0.21439346323067254,2001000.0,-5412000.0,-0.34016341923318666,-0.016492709015831417,-0.015348314861660975,328145000.0,352612000.0,https://www.sedar.com/ModifyCompanyDocumentSearchForm.do?lang=EN&company_search=CALIBRE MINING CORP&document_selection=0&industry_group=A&FromDate=13&FromMonth=05&FromYear=2000&ToDate=13&ToMonth=11&ToYear=2020&Variable=Issuer,https://www.sedar.com/ModifyCompanyDocumentSearchForm.do?lang=EN&company_search=CALIBRE MINING CORP&document_selection=0&industry_group=A&FromDate=13&FromMonth=05&FromYear=2000&ToDate=13&ToMonth=11&ToYear=2020&Variable=Issuer
2020-03-31,CXB.TO,USD,,2020-03-31,2020-03-31,2020,Q1,59363000.0,36403000.0,22960000.0,0.38677290568199046,0.0,3734000.0,0.0,3939000.0,0.0,3939000.0,40342000.0,124000.0,10000.0,3266000.0,22129000.0,0.37277428701379645,19021000.0,0.3204184424641612,-168000.0,18853000.0,0.3175883968128295,6336000.0,12517000.0,0.21085524653403634,0.03815914225003887,0.03641372649413517,328021000.0,343744000.0,https://www.sedar.com/ModifyCompanyDocumentSearchForm.do?lang=EN&company_search=CALIBRE MINING CORP&document_selection=0&industry_group=A&FromDate=13&FromMonth=05&FromYear=2000&ToDate=13&ToMonth=11&ToYear=2020&Variable=Issuer,https://www.sedar.com/ModifyCompanyDocumentSearchForm.do?lang=EN&company_search=CALIBRE MINING CORP&document_selection=0&industry_group=A&FromDate=13&FromMonth=05&FromYear=2000&ToDate=13&ToMonth=11&ToYear=2020&Variable=Issuer
2019-12-31,CXB.TO,USD,,2019-12-31,2019-12-31,2019,Q4,57763000.0,44348000.0,13415000.0,0.23224209268909163,0.0,2584000.0,0.0,2584000.0,0.0,2584000.0,46932000.0,121000.0,660000.0,2196000.0,5986000.0,0.10363035160916158,10831000.0,0.18750757405259422,-4453000.0,6378000.0,0.11041670273358378,0.0,3130000.0,0.05418693627408549,0.009496791419512417,0.009496791419512417,329585000.0,329585000.0,https://www.sedar.com/ModifyCompanyDocumentSearchForm.do?lang=EN&company_search=CALIBRE MINING CORP&document_selection=0&industry_group=A&FromDate=13&FromMonth=05&FromYear=2000&ToDate=13&ToMonth=11&ToYear=2020&Variable=Issuer,https://www.sedar.com/ModifyCompanyDocumentSearchForm.do?lang=EN&company_search=CALIBRE MINING CORP&document_selection=0&industry_group=A&FromDate=13&FromMonth=05&FromYear=2000&ToDate=13&ToMonth=11&ToYear=2020&Variable=Issuer
2019-09-30,CXB.TO,USD,,2019-09-30,2019-09-30,2019,Q3,0.0,23000.0,-23000.0,0.0,0.0,1426000.0,0.0,1426000.0,0.0,1426000.0,1449000.0,11000.0,9000.0,23000.0,-1426000.0,0.0,-1449000.0,0.0,68000.0,-1381000.0,0.0,0.0,-1381000.0,0.0,-0.03,-0.03,44822000.0,44822000.0,https://www.sedar.com/ModifyCompanyDocumentSearchForm.do?lang=EN&company_search=CALIBRE MINING CORP&document_selection=0&industry_group=A&FromDate=13&FromMonth=05&FromYear=2000&ToDate=13&ToMonth=11&ToYear=2020&Variable=Issuer,https://www.sedar.com/ModifyCompanyDocumentSearchForm.do?lang=EN&company_search=CALIBRE MINING CORP&document_selection=0&industry_group=A&FromDate=13&FromMonth=05&FromYear=2000&ToDate=13&ToMonth=11&ToYear=2020&Variable=Issuer
2019-06-30,CXB.TO,CAD,,2019-06-30,2019-06-30,2019,Q2,0.0,25898.842169,-25898.842169,0.0,0.0,481413.77209,0.0,481413.77209,0.0,481413.77209,507312.61426,13711.151737,8379.037172,25000.0,-428229.737965,0.0,-507312.61426,0.0,30469.22608200001,-476843.388178,0.0,0.0,-476843.388178,0.0,-0.007617,-0.007617,44822000.0,44822000.0,https://www.sedar.com/ModifyCompanyDocumentSearchForm.do?lang=EN&company_search=CALIBRE MINING CORP&document_selection=0&industry_group=A&FromDate=13&FromMonth=05&FromYear=2000&ToDate=13&ToMonth=11&ToYear=2020&Variable=Issuer,https://www.sedar.com/ModifyCompanyDocumentSearchForm.do?lang=EN&company_search=CALIBRE MINING CORP&document_selection=0&industry_group=A&FromDate=13&FromMonth=05&FromYear=2000&ToDate=13&ToMonth=11&ToYear=2020&Variable=Issuer
2019-03-31,CXB.TO,CAD,,2019-03-31,2019-03-31,2019,Q1,0.0,22920.161774,-22920.161774,0.0,0.0,278466.896345,2166.716597,280633.61294200004,-5.820766091346741e-11,280633.612942,303553.774715,3066.20731,9137.95686,22920.161774,-250935.440383,0.0,-303553.774715,0.0,-51223.78669899999,-354777.561414,0.0,0.0,-354777.561414,0.0,-0.00749,-0.00749,43888245.0,43888245.0,https://www.sedar.com/ModifyCompanyDocumentSearchForm.do?lang=EN&company_search=CALIBRE MINING CORP&document_selection=0&industry_group=A&FromDate=13&FromMonth=05&FromYear=2000&ToDate=13&ToMonth=11&ToYear=2020&Variable=Issuer,https://www.sedar.com/ModifyCompanyDocumentSearchForm.do?lang=EN&company_search=CALIBRE MINING CORP&document_selection=0&industry_group=A&FromDate=13&FromMonth=05&FromYear=2000&ToDate=13&ToMonth=11&ToYear=2020&Variable=Issuer
2018-12-31,CXB.TO,CAD,,2018-12-31,2018-12-31,2018,Q4,0.0,664.630606,-664.630606,0.0,0.0,309054.852858,985.135601,310039.988459,1.00000761449337e-06,310039.98846,310704.619066,879.931903,-1020.30468,664.630606,-261240.667564,0.0,-310704.619066,0.0,69446.43534599998,-241258.18372,0.0,0.0,-241258.18372,0.0,-0.0007320059581595037,-0.0007320059581595037,329585000.0,329585000.0,https://www.sedar.com/ModifyCompanyDocumentSearchForm.do?lang=EN&company_search=CALIBRE MINING CORP&document_selection=0&industry_group=A&FromDate=13&FromMonth=05&FromYear=2000&ToDate=13&ToMonth=11&ToYear=2020&Variable=Issuer,https://www.sedar.com/ModifyCompanyDocumentSearchForm.do?lang=EN&company_search=CALIBRE MINING CORP&document_selection=0&industry_group=A&FromDate=13&FromMonth=05&FromYear=2000&ToDate=13&ToMonth=11&ToYear=2020&Variable=Issuer
2018-09-30,CXB.TO,CAD,,2018-09-30,2018-09-30,2018,Q3,0.0,836.680831,-836.680831,0.0,0.0,352682.254781,921.045503,353603.300284,0.0,353603.300284,354439.981115,232.196345,63748.732595,866.186044,-288402.472867,0.0,-354439.981115,0.0,-11634.584871000028,-366074.565986,0.0,0.0,-366074.565986,0.0,-0.011694,-0.011694,31304823.0,31304823.0,https://www.sedar.com/ModifyCompanyDocumentSearchForm.do?lang=EN&company_search=CALIBRE MINING CORP&document_selection=0&industry_group=A&FromDate=13&FromMonth=05&FromYear=2000&ToDate=13&ToMonth=11&ToYear=2020&Variable=Issuer,https://www.sedar.com/ModifyCompanyDocumentSearchForm.do?lang=EN&company_search=CALIBRE MINING CORP&document_selection=0&industry_group=A&FromDate=13&FromMonth=05&FromYear=2000&ToDate=13&ToMonth=11&ToYear=2020&Variable=Issuer
2018-06-30,CXB.TO,CAD,,2018-06-30,2018-06-30,2018,Q2,0.0,821.928224,-821.928224,0.0,0.0,178990.26764,494.221411,179484.489051,0.0,179484.489051,180306.417275,504.105839,225.060827,806.786888,-135408.237443,0.0,-180306.417275,0.0,65276.76399000002,-115029.653285,0.0,0.0,-115029.653285,0.0,-0.003679,-0.003679,31267141.0,31267141.0,https://www.sedar.com/ModifyCompanyDocumentSearchForm.do?lang=EN&company_search=CALIBRE MINING CORP&document_selection=0&industry_group=A&FromDate=13&FromMonth=05&FromYear=2000&ToDate=13&ToMonth=11&ToYear=2020&Variable=Issuer,https://www.sedar.com/ModifyCompanyDocumentSearchForm.do?lang=EN&company_search=CALIBRE MINING CORP&document_selection=0&industry_group=A&FromDate=13&FromMonth=05&FromYear=2000&ToDate=13&ToMonth=11&ToYear=2020&Variable=Issuer
2018-03-31,CXB.TO,CAD,,2018-03-31,2018-03-31,2018,Q1,0.0,837.06956,-837.06956,0.0,0.0,237947.669601,1550.243532,239497.913133,1.00000761449337e-06,239497.913134,240334.982693,4275.946446,213.719888,837.06956,-193748.693289,0.0,-240334.982693,0.0,74424.853454,-165910.129239,0.0,0.0,-165910.129239,0.0,-0.005306,-0.005306,31267141.0,31267141.0,https://www.sedar.com/ModifyCompanyDocumentSearchForm.do?lang=EN&company_search=CALIBRE MINING CORP&document_selection=0&industry_group=A&FromDate=13&FromMonth=05&FromYear=2000&ToDate=13&ToMonth=11&ToYear=2020&Variable=Issuer,https://www.sedar.com/ModifyCompanyDocumentSearchForm.do?lang=EN&company_search=CALIBRE MINING CORP&document_selection=0&industry_group=A&FromDate=13&FromMonth=05&FromYear=2000&ToDate=13&ToMonth=11&ToYear=2020&Variable=Issuer
2017-12-31,CXB.TO,CAD,,2017-12-31,2017-12-31,2017,Q4,0.0,0.0,0.0,0.0,0.0,312932.727679,8573.645475,321506.37315400003,-1991.8905620000442,319514.482592,322183.269868,2289.824203,206.884767,676.896713,-52732.243839,0.0,-322183.269868,0.0,111286.09962,-210897.170248,0.0,0.0,-210897.170248,0.0,-0.0006398870405145866,-0.0006398870405145866,329585000.0,329585000.0,https://www.sedar.com/ModifyCompanyDocumentSearchForm.do?lang=EN&company_search=CALIBRE MINING CORP&document_selection=0&industry_group=A&FromDate=13&FromMonth=05&FromYear=2000&ToDate=13&ToMonth=11&ToYear=2020&Variable=Issuer,https://www.sedar.com/ModifyCompanyDocumentSearchForm.do?lang=EN&company_search=CALIBRE MINING CORP&document_selection=0&industry_group=A&FromDate=13&FromMonth=05&FromYear=2000&ToDate=13&ToMonth=11&ToYear=2020&Variable=Issuer
2017-09-30,CXB.TO,CAD,,2017-09-30,2017-09-30,2017,Q3,0.0,0.0,0.0,0.0,0.0,428432.202365,1483.237004,429915.43936899997,713.4047540000174,430628.844123,430628.844123,2342.547137,278.106938,772.415875,-427514.687218,0.0,-430628.844123,0.0,1689.6004129999783,-428939.24371,0.0,0.0,-428939.24371,0.0,-0.013719,-0.013719,31267141.0,31267141.0,https://www.sedar.com/ModifyCompanyDocumentSearchForm.do?lang=EN&company_search=CALIBRE MINING CORP&document_selection=0&industry_group=A&FromDate=13&FromMonth=05&FromYear=2000&ToDate=13&ToMonth=11&ToYear=2020&Variable=Issuer,https://www.sedar.com/ModifyCompanyDocumentSearchForm.do?lang=EN&company_search=CALIBRE MINING CORP&document_selection=0&industry_group=A&FromDate=13&FromMonth=05&FromYear=2000&ToDate=13&ToMonth=11&ToYear=2020&Variable=Issuer
2017-06-30,CXB.TO,CAD,,2017-06-30,2017-06-30,2017,Q2,0.0,0.0,0.0,0.0,0.0,405119.33321,461.339731,405580.672941,680.476101999986,406261.149043,406261.149043,9487.451559,296.795227,693.821934,-396079.875551,0.0,-406261.149043,0.0,35414.74441700004,-370846.404626,0.0,0.0,-370846.404626,0.0,-0.011861,-0.011861,31267141.0,31267141.0,https://www.sedar.com/ModifyCompanyDocumentSearchForm.do?lang=EN&company_search=CALIBRE MINING CORP&document_selection=0&industry_group=A&FromDate=13&FromMonth=05&FromYear=2000&ToDate=13&ToMonth=11&ToYear=2020&Variable=Issuer,https://www.sedar.com/ModifyCompanyDocumentSearchForm.do?lang=EN&company_search=CALIBRE MINING CORP&document_selection=0&industry_group=A&FromDate=13&FromMonth=05&FromYear=2000&ToDate=13&ToMonth=11&ToYear=2020&Variable=Issuer
2017-03-31,CXB.TO,CAD,,2017-03-31,2017-03-31,2017,Q1,0.0,0.0,0.0,0.0,0.0,490877.937582,452.166349,491330.103931,525.6527539999806,491855.756685,491855.756685,0.0,265.450892,525.652754,-491330.103931,0.0,-491855.756685,0.0,63255.29776999995,-428600.458915,0.0,0.0,-428600.458915,0.0,-0.013885,-0.013885,30867141.0,30867141.0,https://www.sedar.com/ModifyCompanyDocumentSearchForm.do?lang=EN&company_search=CALIBRE MINING CORP&document_selection=0&industry_group=A&FromDate=13&FromMonth=05&FromYear=2000&ToDate=13&ToMonth=11&ToYear=2020&Variable=Issuer,https://www.sedar.com/ModifyCompanyDocumentSearchForm.do?lang=EN&company_search=CALIBRE MINING CORP&document_selection=0&industry_group=A&FromDate=13&FromMonth=05&FromYear=2000&ToDate=13&ToMonth=11&ToYear=2020&Variable=Issuer
2016-12-31,CXB.TO,CAD,,2016-12-31,2016-12-31,2016,Q4,0.0,0.0,0.0,0.0,0.0,120905.625126,369.06116,121274.686286,445.39287100000365,121720.079157,121720.079157,222.856764,152.749095,446.136863,-121051.085531,0.0,-121720.079157,0.0,96755.454723,-24964.624434,0.0,0.0,-24964.624434,0.0,-7.574563294446046e-05,-7.574563294446046e-05,329585000.0,329585000.0,https://www.sedar.com/ModifyCompanyDocumentSearchForm.do?lang=EN&company_search=CALIBRE MINING CORP&document_selection=0&industry_group=A&FromDate=13&FromMonth=05&FromYear=2000&ToDate=13&ToMonth=11&ToYear=2020&Variable=Issuer,https://www.sedar.com/ModifyCompanyDocumentSearchForm.do?lang=EN&company_search=CALIBRE MINING CORP&document_selection=0&industry_group=A&FromDate=13&FromMonth=05&FromYear=2000&ToDate=13&ToMonth=11&ToYear=2020&Variable=Issuer
2016-09-30,CXB.TO,CAD,,2016-09-30,2016-09-30,2016,Q3,0.0,0.0,0.0,0.0,0.0,195826.583001,876.972809,196703.55581,484.5027560000017,197188.058566,197188.058566,1631.488876,225.89846,471.730885,-195072.066933,0.0,-197188.058566,0.0,76983.456931,-120204.601635,0.0,0.0,-120204.601635,0.0,-0.004733,-0.004733,25399787.0,25399787.0,https://www.sedar.com/ModifyCompanyDocumentSearchForm.do?lang=EN&company_search=CALIBRE MINING CORP&document_selection=0&industry_group=A&FromDate=13&FromMonth=05&FromYear=2000&ToDate=13&ToMonth=11&ToYear=2020&Variable=Issuer,https://www.sedar.com/ModifyCompanyDocumentSearchForm.do?lang=EN&company_search=CALIBRE MINING CORP&document_selection=0&industry_group=A&FromDate=13&FromMonth=05&FromYear=2000&ToDate=13&ToMonth=11&ToYear=2020&Variable=Issuer
2016-06-30,CXB.TO,CAD,,2016-06-30,2016-06-30,2016,Q2,0.0,0.0,0.0,0.0,0.0,203772.666141,472.25958,204244.925721,400.37718999999925,204645.302911,204645.302911,109.755909,357.093169,401.691176,-204133.855826,0.0,-204645.302911,0.0,48630.369924,-156014.932987,0.0,0.0,-156013.387129,0.0,-0.006342,-0.006342,24598784.0,24598784.0,https://www.sedar.com/ModifyCompanyDocumentSearchForm.do?lang=EN&company_search=CALIBRE MINING CORP&document_selection=0&industry_group=A&FromDate=13&FromMonth=05&FromYear=2000&ToDate=13&ToMonth=11&ToYear=2020&Variable=Issuer,https://www.sedar.com/ModifyCompanyDocumentSearchForm.do?lang=EN&company_search=CALIBRE MINING CORP&document_selection=0&industry_group=A&FromDate=13&FromMonth=05&FromYear=2000&ToDate=13&ToMonth=11&ToYear=2020&Variable=Issuer
2016-03-31,CXB.TO,CAD,,2016-03-31,2016-03-31,2016,Q1,0.0,0.0,0.0,0.0,0.0,167062.648301,2779.57536,169842.223661,399.06320199999027,170241.286863,170241.286863,3912.822409,266.55573,399.063203,-165929.401251,0.0,-170241.286863,0.0,-111640.62740800003,-281881.914271,0.0,0.0,-281881.914271,0.0,-0.012645,-0.012645,22291091.0,22291091.0,https://www.sedar.com/ModifyCompanyDocumentSearchForm.do?lang=EN&company_search=CALIBRE MINING CORP&document_selection=0&industry_group=A&FromDate=13&FromMonth=05&FromYear=2000&ToDate=13&ToMonth=11&ToYear=2020&Variable=Issuer,https://www.sedar.com/ModifyCompanyDocumentSearchForm.do?lang=EN&company_search=CALIBRE MINING CORP&document_selection=0&industry_group=A&FromDate=13&FromMonth=05&FromYear=2000&ToDate=13&ToMonth=11&ToYear=2020&Variable=Issuer
2015-12-31,CXB.TO,CAD,,2015-12-31,2015-12-31,2015,Q4,0.0,0.0,0.0,0.0,0.0,134779.850538,2400.601882,137180.45242,453.52182500000345,137633.974245,137633.974245,61.350556,280.484182,453.521826,-137119.101864,0.0,-137633.974245,0.0,25238.344880999997,-112395.629364,0.0,0.0,-112395.629364,0.0,-0.0003410216768481575,-0.0003410216768481575,329585000.0,329585000.0,https://www.sedar.com/ModifyCompanyDocumentSearchForm.do?lang=EN&company_search=CALIBRE MINING CORP&document_selection=0&industry_group=A&FromDate=13&FromMonth=05&FromYear=2000&ToDate=13&ToMonth=11&ToYear=2020&Variable=Issuer,https://www.sedar.com/ModifyCompanyDocumentSearchForm.do?lang=EN&company_search=CALIBRE MINING CORP&document_selection=0&industry_group=A&FromDate=13&FromMonth=05&FromYear=2000&ToDate=13&ToMonth=11&ToYear=2020&Variable=Issuer
2015-09-30,CXB.TO,CAD,,2015-09-30,2015-09-30,2015,Q3,0.0,0.0,0.0,0.0,0.0,216961.638734,2689.013035,219650.65176900002,546.7411549999961,220197.392924,220197.392924,261.452514,310.614525,402.527407,-219389.199255,0.0,-220197.392924,0.0,27981.37802600002,-192216.014898,0.0,0.0,-192216.014898,0.0,-0.008623,-0.008623,22291091.0,22291091.0,https://www.sedar.com/ModifyCompanyDocumentSearchForm.do?lang=EN&company_search=CALIBRE MINING CORP&document_selection=0&industry_group=A&FromDate=13&FromMonth=05&FromYear=2000&ToDate=13&ToMonth=11&ToYear=2020&Variable=Issuer,https://www.sedar.com/ModifyCompanyDocumentSearchForm.do?lang=EN&company_search=CALIBRE MINING CORP&document_selection=0&industry_group=A&FromDate=13&FromMonth=05&FromYear=2000&ToDate=13&ToMonth=11&ToYear=2020&Variable=Issuer
2015-06-30,CXB.TO,CAD,,2015-06-30,2015-06-30,2015,Q2,0.0,0.0,0.0,0.0,0.0,241664.854065,3433.46948,245098.323545,642.8692270000174,245741.192772,245741.192772,859.575771,334.324222,669.414222,-244212.202779,0.0,-245741.192772,0.0,52052.26736300002,-193688.925409,0.0,0.0,-193688.925409,0.0,-0.008689073379539834,-0.008689073379539834,22291091.0,22291091.0,https://www.sedar.com/ModifyCompanyDocumentSearchForm.do?lang=EN&company_search=CALIBRE MINING CORP&document_selection=0&industry_group=A&FromDate=13&FromMonth=05&FromYear=2000&ToDate=13&ToMonth=11&ToYear=2020&Variable=Issuer,https://www.sedar.com/ModifyCompanyDocumentSearchForm.do?lang=EN&company_search=CALIBRE MINING CORP&document_selection=0&industry_group=A&FromDate=13&FromMonth=05&FromYear=2000&ToDate=13&ToMonth=11&ToYear=2020&Variable=Issuer
2015-03-31,CXB.TO,CAD,,2015-03-31,2015-03-31,2015,Q1,0.0,0.0,0.0,0.0,0.0,378487.93185,1352.737025,379840.668875,1243.8870490000118,381084.555924,381084.555924,1924.593785,486.669822,1243.887048,-377916.075091,0.0,-381084.555924,0.0,31717.936583000002,-349366.619341,0.0,0.0,-349366.619341,0.0,-0.015672925983793256,-0.015672925983793256,22291091.0,22291091.0,https://www.sedar.com/ModifyCompanyDocumentSearchForm.do?lang=EN&company_search=CALIBRE MINING CORP&document_selection=0&industry_group=A&FromDate=13&FromMonth=05&FromYear=2000&ToDate=13&ToMonth=11&ToYear=2020&Variable=Issuer,https://www.sedar.com/ModifyCompanyDocumentSearchForm.do?lang=EN&company_search=CALIBRE MINING CORP&document_selection=0&industry_group=A&FromDate=13&FromMonth=05&FromYear=2000&ToDate=13&ToMonth=11&ToYear=2020&Variable=Issuer
2014-12-31,CXB.TO,CAD,,2014-12-31,2014-12-31,2014,Q4,0.0,0.0,0.0,0.0,0.0,537569.78093,1851.437691,539421.2186210001,2032.9432469999883,541454.161868,541454.161868,3820.429187,334.856591,2032.943246,-535600.789435,0.0,-541454.161868,0.0,77893.71727900003,-463560.444589,0.0,0.0,-463560.444589,0.0,-0.0014064973969962226,-0.0014064973969962226,329585000.0,329585000.0,https://www.sedar.com/ModifyCompanyDocumentSearchForm.do?lang=EN&company_search=CALIBRE MINING CORP&document_selection=0&industry_group=A&FromDate=13&FromMonth=05&FromYear=2000&ToDate=13&ToMonth=11&ToYear=2020&Variable=Issuer,https://www.sedar.com/ModifyCompanyDocumentSearchForm.do?lang=EN&company_search=CALIBRE MINING CORP&document_selection=0&industry_group=A&FromDate=13&FromMonth=05&FromYear=2000&ToDate=13&ToMonth=11&ToYear=2020&Variable=Issuer
2014-09-30,CXB.TO,CAD,,2014-09-30,2014-09-30,2014,Q3,0.0,0.0,0.0,0.0,0.0,186506.656632,5164.937555,191671.594187,2006.8447739999974,193678.438961,193678.438961,1416.438209,549.194574,1821.372122,-190255.155978,0.0,-193678.438961,0.0,4021.752762999997,-189656.686198,0.0,0.0,-189656.686198,0.0,-0.009604,-0.009604,19747135.0,19747135.0,https://www.sedar.com/ModifyCompanyDocumentSearchForm.do?lang=EN&company_search=CALIBRE MINING CORP&document_selection=0&industry_group=A&FromDate=13&FromMonth=05&FromYear=2000&ToDate=13&ToMonth=11&ToYear=2020&Variable=Issuer,https://www.sedar.com/ModifyCompanyDocumentSearchForm.do?lang=EN&company_search=CALIBRE MINING CORP&document_selection=0&industry_group=A&FromDate=13&FromMonth=05&FromYear=2000&ToDate=13&ToMonth=11&ToYear=2020&Variable=Issuer
2014-06-30,CXB.TO,CAD,,2014-06-30,2014-06-30,2014,Q2,0.0,0.0,0.0,0.0,0.0,217541.639719,634.55464,218176.194359,2099.5604050000256,220275.754764,220275.754764,1769.629484,419.912081,2099.560405,-216406.564875,0.0,-220275.754764,0.0,2337.635558000009,-217938.119206,0.0,0.0,-217938.119206,0.0,-0.011597949219978766,-0.011597949219978766,18791091.0,18791091.0,https://www.sedar.com/ModifyCompanyDocumentSearchForm.do?lang=EN&company_search=CALIBRE MINING CORP&document_selection=0&industry_group=A&FromDate=13&FromMonth=05&FromYear=2000&ToDate=13&ToMonth=11&ToYear=2020&Variable=Issuer,https://www.sedar.com/ModifyCompanyDocumentSearchForm.do?lang=EN&company_search=CALIBRE MINING CORP&document_selection=0&industry_group=A&FromDate=13&FromMonth=05&FromYear=2000&ToDate=13&ToMonth=11&ToYear=2020&Variable=Issuer
2014-03-31,CXB.TO,CAD,,2014-03-31,2014-03-31,2014,Q1,0.0,0.0,0.0,0.0,0.0,117183.231106,946.280917,118129.512023,2027.3571079999965,120156.869131,120156.869131,3529.103114,221.643236,2027.357108,-114600.408909,0.0,-120156.869131,0.0,-149798.25942199997,-269955.128553,0.0,0.0,-269955.128553,0.0,-0.014366123209823207,-0.014366123209823207,18791091.0,18791091.0,https://www.sedar.com/ModifyCompanyDocumentSearchForm.do?lang=EN&company_search=CALIBRE MINING CORP&document_selection=0&industry_group=A&FromDate=13&FromMonth=05&FromYear=2000&ToDate=13&ToMonth=11&ToYear=2020&Variable=Issuer,https://www.sedar.com/ModifyCompanyDocumentSearchForm.do?lang=EN&company_search=CALIBRE MINING CORP&document_selection=0&industry_group=A&FromDate=13&FromMonth=05&FromYear=2000&ToDate=13&ToMonth=11&ToYear=2020&Variable=Issuer
2013-12-31,CXB.TO,CAD,,2013-12-31,2013-12-31,2013,Q4,0.0,0.0,0.0,0.0,0.0,115551.549315,543.855255,116095.40457,2509.0723049999942,118604.476875,118604.476875,441.511366,185.925399,2509.072305,-115653.893204,0.0,-118604.476875,0.0,470135.242202,351530.765327,0.0,0.0,351530.765327,0.0,0.0010665860561827752,0.0010665860561827752,329585000.0,329585000.0,https://www.sedar.com/ModifyCompanyDocumentSearchForm.do?lang=EN&company_search=CALIBRE MINING CORP&document_selection=0&industry_group=A&FromDate=13&FromMonth=05&FromYear=2000&ToDate=13&ToMonth=11&ToYear=2020&Variable=Issuer,https://www.sedar.com/ModifyCompanyDocumentSearchForm.do?lang=EN&company_search=CALIBRE MINING CORP&document_selection=0&industry_group=A&FromDate=13&FromMonth=05&FromYear=2000&ToDate=13&ToMonth=11&ToYear=2020&Variable=Issuer
2013-09-30,CXB.TO,CAD,,2013-09-30,2013-09-30,2013,Q3,0.0,0.0,0.0,0.0,0.0,233396.343473,1044.998934,234441.342407,2866.47666700001,237307.819074,237307.819074,3847.496074,351.887396,2978.611874,-230481.711126,0.0,-237307.819074,0.0,-176572.830027,-413880.649101,0.0,0.0,-413880.649101,0.0,-0.022025365589523248,-0.022025365589523248,18791091.0,18791091.0,https://www.sedar.com/ModifyCompanyDocumentSearchForm.do?lang=EN&company_search=CALIBRE MINING CORP&document_selection=0&industry_group=A&FromDate=13&FromMonth=05&FromYear=2000&ToDate=13&ToMonth=11&ToYear=2020&Variable=Issuer,https://www.sedar.com/ModifyCompanyDocumentSearchForm.do?lang=EN&company_search=CALIBRE MINING CORP&document_selection=0&industry_group=A&FromDate=13&FromMonth=05&FromYear=2000&ToDate=13&ToMonth=11&ToYear=2020&Variable=Issuer
2013-06-30,CXB.TO,CAD,,2013-06-30,2013-06-30,2013,Q2,0.0,0.0,0.0,0.0,0.0,521780.907847,443.848844,522224.756691,2810.409062999941,525035.165754,525035.165754,6015.24483,419.137774,2810.409063,-516209.511861,0.0,-525035.165754,0.0,178966.12682499998,-346069.038929,0.0,0.0,-346069.038929,0.0,-0.018416654941908375,-0.018416654941908375,18791091.0,18791091.0,https://www.sedar.com/ModifyCompanyDocumentSearchForm.do?lang=EN&company_search=CALIBRE MINING CORP&document_selection=0&industry_group=A&FromDate=13&FromMonth=05&FromYear=2000&ToDate=13&ToMonth=11&ToYear=2020&Variable=Issuer,https://www.sedar.com/ModifyCompanyDocumentSearchForm.do?lang=EN&company_search=CALIBRE MINING CORP&document_selection=0&industry_group=A&FromDate=13&FromMonth=05&FromYear=2000&ToDate=13&ToMonth=11&ToYear=2020&Variable=Issuer
2013-03-31,CXB.TO,CAD,,2013-03-31,2013-03-31,2013,Q1,0.0,0.0,0.0,0.0,0.0,373551.525874,1686.569365,375238.095239,2906.2853200000245,378144.380559,378144.380559,8479.040739,341.0487,2906.285321,-366759.054499,0.0,-378144.380559,0.0,67057.84068000002,-311086.539879,0.0,0.0,-311086.539879,0.0,-0.016555001509970867,-0.016555001509970867,18791091.0,18791091.0,https://www.sedar.com/ModifyCompanyDocumentSearchForm.do?lang=EN&company_search=CALIBRE MINING CORP&document_selection=0&industry_group=A&FromDate=13&FromMonth=05&FromYear=2000&ToDate=13&ToMonth=11&ToYear=2020&Variable=Issuer,https://www.sedar.com/ModifyCompanyDocumentSearchForm.do?lang=EN&company_search=CALIBRE MINING CORP&document_selection=0&industry_group=A&FromDate=13&FromMonth=05&FromYear=2000&ToDate=13&ToMonth=11&ToYear=2020&Variable=Issuer
2012-12-31,CXB.TO,CAD,,2012-12-31,2012-12-31,2012,Q4,0.0,0.0,0.0,0.0,0.0,418102.939313,5123.139443,423226.07875600003,2682.3840439999476,425908.4628,425908.4628,12963.907353,392.162139,2682.384044,-410262.171403,0.0,-425908.4628,0.0,-26108.549358999997,-452017.012159,0.0,0.0,-452017.012159,0.0,-0.001371473253209339,-0.001371473253209339,329585000.0,329585000.0,https://www.sedar.com/ModifyCompanyDocumentSearchForm.do?lang=EN&company_search=CALIBRE MINING CORP&document_selection=0&industry_group=A&FromDate=13&FromMonth=05&FromYear=2000&ToDate=13&ToMonth=11&ToYear=2020&Variable=Issuer,https://www.sedar.com/ModifyCompanyDocumentSearchForm.do?lang=EN&company_search=CALIBRE MINING CORP&document_selection=0&industry_group=A&FromDate=13&FromMonth=05&FromYear=2000&ToDate=13&ToMonth=11&ToYear=2020&Variable=Issuer
2012-09-30,CXB.TO,CAD,,2012-09-30,2012-09-30,2012,Q3,0.0,0.0,0.0,0.0,0.0,507388.366777,4026.416053,511414.78283000004,3356.870712999953,514771.653543,514771.653543,15288.798578,393.192786,3665.097671,-495817.757295,0.0,-514771.653543,0.0,-5385.826772,-520157.480315,0.0,0.0,-520157.480315,0.0,-0.027681068667859677,-0.027681068667859677,18791091.0,18791091.0,https://www.sedar.com/ModifyCompanyDocumentSearchForm.do?lang=EN&company_search=CALIBRE MINING CORP&document_selection=0&industry_group=A&FromDate=13&FromMonth=05&FromYear=2000&ToDate=13&ToMonth=11&ToYear=2020&Variable=Issuer,https://www.sedar.com/ModifyCompanyDocumentSearchForm.do?lang=EN&company_search=CALIBRE MINING CORP&document_selection=0&industry_group=A&FromDate=13&FromMonth=05&FromYear=2000&ToDate=13&ToMonth=11&ToYear=2020&Variable=Issuer
2012-06-30,CXB.TO,CAD,,2012-06-30,2012-06-30,2012,Q2,0.0,0.0,0.0,0.0,0.0,498937.174319,14190.345099,513127.519418,3164.8805430000066,516292.399961,516292.399961,9307.836004,545.669059,3164.880543,-513127.519418,0.0,-516292.399961,0.0,-20001.966375,0.0,0.0,0.0,-527532.19939,0.0,-0.0291418800535979,-0.0291418800535979,18102202.0,18102202.0,https://www.sedar.com/ModifyCompanyDocumentSearchForm.do?lang=EN&company_search=CALIBRE MINING CORP&document_selection=0&industry_group=A&FromDate=13&FromMonth=05&FromYear=2000&ToDate=13&ToMonth=11&ToYear=2020&Variable=Issuer,https://www.sedar.com/ModifyCompanyDocumentSearchForm.do?lang=EN&company_search=CALIBRE MINING CORP&document_selection=0&industry_group=A&FromDate=13&FromMonth=05&FromYear=2000&ToDate=13&ToMonth=11&ToYear=2020&Variable=Issuer
2012-03-31,CXB.TO,CAD,,2012-03-31,2012-03-31,2012,Q1,0.0,0.0,0.0,0.0,0.0,1088846.45839,34742.560463,1123589.0188530001,6188.170911999885,1129777.189765,1129777.189765,1547.543875,721.652584,6188.170911,-1123589.018853,0.0,-1129777.189765,0.0,28180.533422,0.0,0.0,0.0,-1160226.919646,0.0,-0.06409,-0.06409,18102202.0,18102202.0,https://www.sedar.com/ModifyCompanyDocumentSearchForm.do?lang=EN&company_search=CALIBRE MINING CORP&document_selection=0&industry_group=A&FromDate=13&FromMonth=05&FromYear=2000&ToDate=13&ToMonth=11&ToYear=2020&Variable=Issuer,https://www.sedar.com/ModifyCompanyDocumentSearchForm.do?lang=EN&company_search=CALIBRE MINING CORP&document_selection=0&industry_group=A&FromDate=13&FromMonth=05&FromYear=2000&ToDate=13&ToMonth=11&ToYear=2020&Variable=Issuer
2011-12-31,CXB.TO,CAD,,2011-12-31,2011-12-31,2011,Q4,0.0,0.0,0.0,0.0,0.0,275229.486366,10605.502525,285834.98889100004,3767.9355109999306,289602.924402,289602.924402,5028.751523,739.257608,3767.935511,-285834.988891,0.0,-289602.924402,0.0,-18744.32164,0.0,0.0,0.0,-1549829.544488,0.0,-0.004702366747540088,-0.004702366747540088,329585000.0,329585000.0,https://www.sedar.com/ModifyCompanyDocumentSearchForm.do?lang=EN&company_search=CALIBRE MINING CORP&document_selection=0&industry_group=A&FromDate=13&FromMonth=05&FromYear=2000&ToDate=13&ToMonth=11&ToYear=2020&Variable=Issuer,https://www.sedar.com/ModifyCompanyDocumentSearchForm.do?lang=EN&company_search=CALIBRE MINING CORP&document_selection=0&industry_group=A&FromDate=13&FromMonth=05&FromYear=2000&ToDate=13&ToMonth=11&ToYear=2020&Variable=Issuer
2011-09-30,CXB.TO,CAD,,2011-09-30,2011-09-30,2011,Q3,0.0,0.0,0.0,0.0,0.0,204255.565192,5818.637371,210074.202563,5097.812470000004,215172.015033,215172.015033,98.294305,699.624169,4028.827489,-210074.202563,0.0,-215172.015033,0.0,-25291.51007,0.0,0.0,0.0,-241064.854968,0.0,-0.01672389799862554,-0.01672389799862554,14414394.0,14414394.0,https://www.sedar.com/ModifyCompanyDocumentSearchForm.do?lang=EN&company_search=CALIBRE MINING CORP&document_selection=0&industry_group=A&FromDate=13&FromMonth=05&FromYear=2000&ToDate=13&ToMonth=11&ToYear=2020&Variable=Issuer,https://www.sedar.com/ModifyCompanyDocumentSearchForm.do?lang=EN&company_search=CALIBRE MINING CORP&document_selection=0&industry_group=A&FromDate=13&FromMonth=05&FromYear=2000&ToDate=13&ToMonth=11&ToYear=2020&Variable=Issuer
2011-06-30,CXB.TO,CAD,,2011-06-30,2011-06-30,2011,Q2,0.0,0.0,0.0,0.0,0.0,577772.271094,6631.768058,584404.039152,8104.1176230000565,592508.156775,592508.156775,1875.025813,774.377401,8131.779575,-584376.377201,0.0,-592508.156775,0.0,-26272.043943,0.0,0.0,0.0,-617679.552307,0.0,-0.04681929785305531,-0.04681929785305531,13192841.0,13192841.0,https://www.sedar.com/ModifyCompanyDocumentSearchForm.do?lang=EN&company_search=CALIBRE MINING CORP&document_selection=0&industry_group=A&FromDate=13&FromMonth=05&FromYear=2000&ToDate=13&ToMonth=11&ToYear=2020&Variable=Issuer,https://www.sedar.com/ModifyCompanyDocumentSearchForm.do?lang=EN&company_search=CALIBRE MINING CORP&document_selection=0&industry_group=A&FromDate=13&FromMonth=05&FromYear=2000&ToDate=13&ToMonth=11&ToYear=2020&Variable=Issuer
2011-03-31,CXB.TO,CAD,,2011-03-31,2011-03-31,2011,Q1,0.0,0.0,0.0,0.0,0.0,440994.536531,8290.891132,449285.427663,7902.9951330000185,457188.422796,457188.422796,798.427838,576.185038,7902.995133,-449285.427663,0.0,-457188.422796,0.0,-13176.11713,0.0,0.0,0.0,-470142.297126,0.0,-0.036605522578460045,-0.036605522578460045,12843480.0,12843480.0,https://www.sedar.com/ModifyCompanyDocumentSearchForm.do?lang=EN&company_search=CALIBRE MINING CORP&document_selection=0&industry_group=A&FromDate=13&FromMonth=05&FromYear=2000&ToDate=13&ToMonth=11&ToYear=2020&Variable=Issuer,https://www.sedar.com/ModifyCompanyDocumentSearchForm.do?lang=EN&company_search=CALIBRE MINING CORP&document_selection=0&industry_group=A&FromDate=13&FromMonth=05&FromYear=2000&ToDate=13&ToMonth=11&ToYear=2020&Variable=Issuer
2010-12-31,CXB.TO,CAD,,2010-12-31,2010-12-31,2010,Q4,0.0,0.0,0.0,0.0,0.0,408933.926067,1011.624572,409945.550639,-81164.244657,328781.305982,328781.305982,1517.157797,427.377481,10819.158758,-250504.69781,0.0,-328781.305982,0.0,-67457.449413,0.0,0.0,0.0,-395148.975079,0.0,-0.0011989288804982023,-0.0011989288804982023,329585000.0,329585000.0,https://www.sedar.com/ModifyCompanyDocumentSearchForm.do?lang=EN&company_search=CALIBRE MINING CORP&document_selection=0&industry_group=A&FromDate=13&FromMonth=05&FromYear=2000&ToDate=13&ToMonth=11&ToYear=2020&Variable=Issuer,https://www.sedar.com/ModifyCompanyDocumentSearchForm.do?lang=EN&company_search=CALIBRE MINING CORP&document_selection=0&industry_group=A&FromDate=13&FromMonth=05&FromYear=2000&ToDate=13&ToMonth=11&ToYear=2020&Variable=Issuer
2010-09-30,CXB.TO,CAD,,2010-09-30,2010-09-30,2010,Q3,0.0,0.0,0.0,0.0,0.0,486625.314984,940.104671,487565.419655,-33649.932157,453915.487498,453915.487498,3994.960264,439.038573,10002.981647,-443912.505851,0.0,-453915.487498,0.0,0.0,0.0,0.0,0.0,-450359.565807,0.0,-0.03675927198410394,-0.03675927198410394,12251591.0,12251591.0,https://www.sedar.com/ModifyCompanyDocumentSearchForm.do?lang=EN&company_search=CALIBRE MINING CORP&document_selection=0&industry_group=A&FromDate=13&FromMonth=05&FromYear=2000&ToDate=13&ToMonth=11&ToYear=2020&Variable=Issuer,https://www.sedar.com/ModifyCompanyDocumentSearchForm.do?lang=EN&company_search=CALIBRE MINING CORP&document_selection=0&industry_group=A&FromDate=13&FromMonth=05&FromYear=2000&ToDate=13&ToMonth=11&ToYear=2020&Variable=Issuer
2010-06-30,CXB.TO,CAD,,2010-06-30,2010-06-30,2010,Q2,0.0,0.0,0.0,0.0,0.0,370866.141732,2988.331278,373854.47301,85445.40366199997,459299.876672,459299.876672,0.0,979.982924,9984.517698,-444067.925244,0.0,-459299.876672,0.0,-4926.477564,0.0,0.0,0.0,-465206.33716,0.0,-0.03797647704074864,-0.03797647704074864,12249855.0,12249855.0,https://www.sedar.com/ModifyCompanyDocumentSearchForm.do?lang=EN&company_search=CALIBRE MINING CORP&document_selection=0&industry_group=A&FromDate=13&FromMonth=05&FromYear=2000&ToDate=13&ToMonth=11&ToYear=2020&Variable=Issuer,https://www.sedar.com/ModifyCompanyDocumentSearchForm.do?lang=EN&company_search=CALIBRE MINING CORP&document_selection=0&industry_group=A&FromDate=13&FromMonth=05&FromYear=2000&ToDate=13&ToMonth=11&ToYear=2020&Variable=Issuer
2010-03-31,CXB.TO,CAD,,2010-03-31,2010-03-31,2010,Q1,0.0,0.0,0.0,0.0,0.0,405242.299392,1869.727291,407112.02668300003,-48259.76064400002,358852.266039,358852.266039,0.0,1147.733961,9749.852855,-349102.413184,0.0,-358852.266039,0.0,0.0,0.0,0.0,0.0,-360000.0,0.0,-0.029450921920206655,-0.029450921920206655,12223726.0,12223726.0,https://www.sedar.com/ModifyCompanyDocumentSearchForm.do?lang=EN&company_search=CALIBRE MINING CORP&document_selection=0&industry_group=A&FromDate=13&FromMonth=05&FromYear=2000&ToDate=13&ToMonth=11&ToYear=2020&Variable=Issuer,https://www.sedar.com/ModifyCompanyDocumentSearchForm.do?lang=EN&company_search=CALIBRE MINING CORP&document_selection=0&industry_group=A&FromDate=13&FromMonth=05&FromYear=2000&ToDate=13&ToMonth=11&ToYear=2020&Variable=Issuer
2009-12-31,CXB.TO,CAD,,2009-12-31,2009-12-31,2009,Q4,0.0,0.0,0.0,0.0,0.0,567391.024303,5740.616942,573131.641245,-111748.73720099992,461382.904044,461382.904044,148.329518,635.429222,13478.235363,-260978.115885,0.0,-461382.904044,0.0,-252437.01025,0.0,0.0,0.0,-714307.013998,0.0,-0.0021672922432695663,-0.0021672922432695663,329585000.0,329585000.0,https://www.sedar.com/ModifyCompanyDocumentSearchForm.do?lang=EN&company_search=CALIBRE MINING CORP&document_selection=0&industry_group=A&FromDate=13&FromMonth=05&FromYear=2000&ToDate=13&ToMonth=11&ToYear=2020&Variable=Issuer,https://www.sedar.com/ModifyCompanyDocumentSearchForm.do?lang=EN&company_search=CALIBRE MINING CORP&document_selection=0&industry_group=A&FromDate=13&FromMonth=05&FromYear=2000&ToDate=13&ToMonth=11&ToYear=2020&Variable=Issuer
2009-09-30,CXB.TO,CAD,,2009-09-30,2009-09-30,2009,Q3,0.0,0.0,0.0,0.0,0.0,372895.500047,0.0,372895.500047,-5609.505099000002,367285.994948,367285.994948,26.195154,295.631023,13866.04635,-317459.615546,0.0,-367285.994948,0.0,-22342.595191,0.0,0.0,0.0,-389898.026008,0.0,-0.03743855480186224,-0.03743855480186224,10414345.0,10414345.0,https://www.sedar.com/ModifyCompanyDocumentSearchForm.do?lang=EN&company_search=CALIBRE MINING CORP&document_selection=0&industry_group=A&FromDate=13&FromMonth=05&FromYear=2000&ToDate=13&ToMonth=11&ToYear=2020&Variable=Issuer,https://www.sedar.com/ModifyCompanyDocumentSearchForm.do?lang=EN&company_search=CALIBRE MINING CORP&document_selection=0&industry_group=A&FromDate=13&FromMonth=05&FromYear=2000&ToDate=13&ToMonth=11&ToYear=2020&Variable=Issuer
2009-06-30,CXB.TO,CAD,,2009-06-30,2009-06-30,2009,Q2,0.0,0.0,0.0,0.0,0.0,200909.599897,0.0,200909.599897,12031.525904999988,212941.125802,212941.125802,2.584091,102.502261,11841.298267,-201099.827535,0.0,-212941.125802,0.0,-8997.803523,0.0,0.0,0.0,-222038.847496,0.0,-0.02132,-0.02132,10414345.0,10414345.0,https://www.sedar.com/ModifyCompanyDocumentSearchForm.do?lang=EN&company_search=CALIBRE MINING CORP&document_selection=0&industry_group=A&FromDate=13&FromMonth=05&FromYear=2000&ToDate=13&ToMonth=11&ToYear=2020&Variable=Issuer,https://www.sedar.com/ModifyCompanyDocumentSearchForm.do?lang=EN&company_search=CALIBRE MINING CORP&document_selection=0&industry_group=A&FromDate=13&FromMonth=05&FromYear=2000&ToDate=13&ToMonth=11&ToYear=2020&Variable=Issuer
2009-03-31,CXB.TO,CAD,,2009-03-31,2009-03-31,2009,Q1,0.0,0.0,0.0,0.0,0.0,178119.109844,0.0,178119.109844,9448.008235999994,187567.11808,187567.11808,609.012434,213.035559,10075.235606,675738.496872,0.0,-187567.11808,0.0,-853341.252871,0.0,0.0,0.0,-1040512.394076,0.0,-0.237586,-0.237586,5432158.0,5432158.0,https://www.sedar.com/ModifyCompanyDocumentSearchForm.do?lang=EN&company_search=CALIBRE MINING CORP&document_selection=0&industry_group=A&FromDate=13&FromMonth=05&FromYear=2000&ToDate=13&ToMonth=11&ToYear=2020&Variable=Issuer,https://www.sedar.com/ModifyCompanyDocumentSearchForm.do?lang=EN&company_search=CALIBRE MINING CORP&document_selection=0&industry_group=A&FromDate=13&FromMonth=05&FromYear=2000&ToDate=13&ToMonth=11&ToYear=2020&Variable=Issuer
2008-12-31,CXB.TO,CAD,,2008-12-31,2008-12-31,2008,Q4,0.0,0.0,0.0,0.0,0.0,0.0,0.0,268768.843549,-2611698.235417,-2342929.391868,-2342929.391868,0.0,0.0,6524.752541,2349454.14441,0.0,2342929.391868,0.0,325231.815916,0.0,0.0,0.0,11983.082569,0.0,3.635809447942109e-05,3.635809447942109e-05,329585000.0,329585000.0,https://www.sedar.com/ModifyCompanyDocumentSearchForm.do?lang=EN&company_search=CALIBRE MINING CORP&document_selection=0&industry_group=A&FromDate=13&FromMonth=05&FromYear=2000&ToDate=13&ToMonth=11&ToYear=2020&Variable=Issuer,https://www.sedar.com/ModifyCompanyDocumentSearchForm.do?lang=EN&company_search=CALIBRE MINING CORP&document_selection=0&industry_group=A&FromDate=13&FromMonth=05&FromYear=2000&ToDate=13&ToMonth=11&ToYear=2020&Variable=Issuer
2008-09-30,CXB.TO,CAD,,2008-09-30,2008-09-30,2008,Q3,0.0,0.0,0.0,0.0,0.0,0.0,0.0,383788.021916,2343179.671264,2726967.69318,2726967.69318,0.0,0.0,16871.425078,-2708629.321746,0.0,-2726967.69318,0.0,-2382947.288872,0.0,0.0,0.0,-2775453.429057,0.0,-0.566786,-0.566786,5065491.0,5065491.0,https://www.sedar.com/ModifyCompanyDocumentSearchForm.do?lang=EN&company_search=CALIBRE MINING CORP&document_selection=0&industry_group=A&FromDate=13&FromMonth=05&FromYear=2000&ToDate=13&ToMonth=11&ToYear=2020&Variable=Issuer,https://www.sedar.com/ModifyCompanyDocumentSearchForm.do?lang=EN&company_search=CALIBRE MINING CORP&document_selection=0&industry_group=A&FromDate=13&FromMonth=05&FromYear=2000&ToDate=13&ToMonth=11&ToYear=2020&Variable=Issuer
2008-06-30,CXB.TO,CAD,,2008-06-30,2008-06-30,2008,Q2,0.0,0.0,0.0,0.0,0.0,0.0,0.0,587239.14325,363926.1151500001,951165.2584,951165.2584,0.0,0.0,20262.029836,-930903.228565,0.0,-951165.2584,0.0,-354610.925526,0.0,0.0,0.0,-941504.224799,0.0,-0.196502,-0.196502,5065491.0,5065491.0,https://www.sedar.com/ModifyCompanyDocumentSearchForm.do?lang=EN&company_search=CALIBRE MINING CORP&document_selection=0&industry_group=A&FromDate=13&FromMonth=05&FromYear=2000&ToDate=13&ToMonth=11&ToYear=2020&Variable=Issuer,https://www.sedar.com/ModifyCompanyDocumentSearchForm.do?lang=EN&company_search=CALIBRE MINING CORP&document_selection=0&industry_group=A&FromDate=13&FromMonth=05&FromYear=2000&ToDate=13&ToMonth=11&ToYear=2020&Variable=Issuer
2008-03-31,CXB.TO,CAD,,2008-03-31,2008-03-31,2008,Q1,0.0,0.0,0.0,0.0,0.0,0.0,0.0,503576.216846,19792.09171300003,523368.308559,523368.308559,0.0,0.0,17799.475372,-505568.833188,0.0,-523368.308559,0.0,6955.21228,0.0,0.0,0.0,-478835.130671,0.0,-0.097153,-0.097153,5065491.0,5065491.0,https://www.sedar.com/ModifyCompanyDocumentSearchForm.do?lang=EN&company_search=CALIBRE MINING CORP&document_selection=0&industry_group=A&FromDate=13&FromMonth=05&FromYear=2000&ToDate=13&ToMonth=11&ToYear=2020&Variable=Issuer,https://www.sedar.com/ModifyCompanyDocumentSearchForm.do?lang=EN&company_search=CALIBRE MINING CORP&document_selection=0&industry_group=A&FromDate=13&FromMonth=05&FromYear=2000&ToDate=13&ToMonth=11&ToYear=2020&Variable=Issuer
2007-12-31,CXB.TO,CAD,,2007-12-31,2007-12-31,2007,Q4,0.0,0.0,0.0,0.0,0.0,0.0,0.0,488109.204916,56531.93023099995,544641.135147,544641.135147,0.0,0.0,21464.750892,-523176.384255,0.0,-544641.135147,0.0,-37164.908761,0.0,0.0,0.0,-496394.694634,0.0,-0.0015061204078887086,-0.0015061204078887086,329585000.0,329585000.0,https://www.sedar.com/ModifyCompanyDocumentSearchForm.do?lang=EN&company_search=CALIBRE MINING CORP&document_selection=0&industry_group=A&FromDate=13&FromMonth=05&FromYear=2000&ToDate=13&ToMonth=11&ToYear=2020&Variable=Issuer,https://www.sedar.com/ModifyCompanyDocumentSearchForm.do?lang=EN&company_search=CALIBRE MINING CORP&document_selection=0&industry_group=A&FromDate=13&FromMonth=05&FromYear=2000&ToDate=13&ToMonth=11&ToYear=2020&Variable=Issuer
2007-09-30,CXB.TO,CAD,,2007-09-30,2007-09-30,2007,Q3,0.0,0.0,0.0,0.0,0.0,0.0,0.0,556682.111201,16203.666397999972,572885.777599,572885.777599,0.0,0.0,17470.857435,-555414.920164,0.0,-572885.777599,0.0,-11434.327156,0.0,0.0,0.0,-527795.124899,0.0,-0.100725,-0.100725,5022348.0,5022348.0,https://www.sedar.com/ModifyCompanyDocumentSearchForm.do?lang=EN&company_search=CALIBRE MINING CORP&document_selection=0&industry_group=A&FromDate=13&FromMonth=05&FromYear=2000&ToDate=13&ToMonth=11&ToYear=2020&Variable=Issuer,https://www.sedar.com/ModifyCompanyDocumentSearchForm.do?lang=EN&company_search=CALIBRE MINING CORP&document_selection=0&industry_group=A&FromDate=13&FromMonth=05&FromYear=2000&ToDate=13&ToMonth=11&ToYear=2020&Variable=Issuer
2007-06-30,CXB.TO,CAD,,2007-06-30,2007-06-30,2007,Q2,0.0,0.0,0.0,0.0,0.0,0.0,0.0,634930.953499,962906.5288869999,1597837.482386,1597837.482386,0.0,0.0,12058.228405,-1585779.253982,0.0,-1597837.482386,0.0,-957781.117896,0.0,0.0,0.0,-1508985.439173,0.0,-0.281822,-0.281822,4941731.0,4941731.0,https://www.sedar.com/ModifyCompanyDocumentSearchForm.do?lang=EN&company_search=CALIBRE MINING CORP&document_selection=0&industry_group=A&FromDate=13&FromMonth=05&FromYear=2000&ToDate=13&ToMonth=11&ToYear=2020&Variable=Issuer,https://www.sedar.com/ModifyCompanyDocumentSearchForm.do?lang=EN&company_search=CALIBRE MINING CORP&document_selection=0&industry_group=A&FromDate=13&FromMonth=05&FromYear=2000&ToDate=13&ToMonth=11&ToYear=2020&Variable=Issuer
2007-03-31,CXB.TO,CAD,,2007-03-31,2007-03-31,2007,Q1,0.0,0.0,0.0,0.0,0.0,0.0,0.0,574156.553398,5488.037448000046,579644.590846,579644.590846,0.0,0.0,5488.037448,-574156.553398,0.0,-579644.590846,0.0,-8758.668516,0.0,0.0,0.0,-530227.981969,0.0,-0.086685,-0.086685,4815291.0,4815291.0,https://www.sedar.com/ModifyCompanyDocumentSearchForm.do?lang=EN&company_search=CALIBRE MINING CORP&document_selection=0&industry_group=A&FromDate=13&FromMonth=05&FromYear=2000&ToDate=13&ToMonth=11&ToYear=2020&Variable=Issuer,https://www.sedar.com/ModifyCompanyDocumentSearchForm.do?lang=EN&company_search=CALIBRE MINING CORP&document_selection=0&industry_group=A&FromDate=13&FromMonth=05&FromYear=2000&ToDate=13&ToMonth=11&ToYear=2020&Variable=Issuer
2006-12-31,CXB.TO,CAD,,2006-12-31,2006-12-31,2006,Q4,0.0,0.0,0.0,0.0,-134.744366,0.0,0.0,4769.133053,65928.765638,70563.154325,70563.154325,0.0,0.0,1637.413545,-68925.74078,0.0,-70563.154325,0.0,-197550.732497,0.0,0.0,0.0,-150565.941551,0.0,-0.00045683493347998237,-0.00045683493347998237,329585000.0,329585000.0,https://www.sedar.com/ModifyCompanyDocumentSearchForm.do?lang=EN&company_search=CALIBRE MINING CORP&document_selection=0&industry_group=A&FromDate=13&FromMonth=05&FromYear=2000&ToDate=13&ToMonth=11&ToYear=2020&Variable=Issuer,https://www.sedar.com/ModifyCompanyDocumentSearchForm.do?lang=EN&company_search=CALIBRE MINING CORP&document_selection=0&industry_group=A&FromDate=13&FromMonth=05&FromYear=2000&ToDate=13&ToMonth=11&ToYear=2020&Variable=Issuer
2006-09-30,CXB.TO,CAD,,2006-09-30,2006-09-30,2006,Q3,0.0,0.0,0.0,0.0,0.0,0.0,0.0,377049.077557,2615.0814970000065,379664.159054,379664.159054,0.0,0.0,2567.504573,-377049.077557,0.0,-379664.159054,0.0,-31990.865126,0.0,0.0,0.0,-355514.060541,0.0,-0.089558,-0.089558,4697821.0,4697821.0,https://www.sedar.com/ModifyCompanyDocumentSearchForm.do?lang=EN&company_search=CALIBRE MINING CORP&document_selection=0&industry_group=A&FromDate=13&FromMonth=05&FromYear=2000&ToDate=13&ToMonth=11&ToYear=2020&Variable=Issuer,https://www.sedar.com/ModifyCompanyDocumentSearchForm.do?lang=EN&company_search=CALIBRE MINING CORP&document_selection=0&industry_group=A&FromDate=13&FromMonth=05&FromYear=2000&ToDate=13&ToMonth=11&ToYear=2020&Variable=Issuer
2006-06-30,CXB.TO,CAD,,2006-06-30,2006-06-30,2006,Q2,0.0,35936.995153,-35936.995153,0.0,0.0,0.0,0.0,602222.222222,18092.802010999992,620315.024233,656252.019386,0.0,0.0,18271.72283,-637980.296556,0.0,-656252.019386,0.0,2807.395441,0.0,0.0,0.0,-645899.299946,0.0,-0.179501,-0.179501,3934542.0,3934542.0,https://www.sedar.com/ModifyCompanyDocumentSearchForm.do?lang=EN&company_search=CALIBRE MINING CORP&document_selection=0&industry_group=A&FromDate=13&FromMonth=05&FromYear=2000&ToDate=13&ToMonth=11&ToYear=2020&Variable=Issuer,https://www.sedar.com/ModifyCompanyDocumentSearchForm.do?lang=EN&company_search=CALIBRE MINING CORP&document_selection=0&industry_group=A&FromDate=13&FromMonth=05&FromYear=2000&ToDate=13&ToMonth=11&ToYear=2020&Variable=Issuer
2006-03-31,CXB.TO,CAD,,2006-03-31,2006-03-31,2006,Q1,0.0,0.0,0.0,0.0,3069.994853,0.0,0.0,208256.133127,47160.747984999995,258486.875965,258486.875965,0.0,0.0,3863.441414,-254623.434551,0.0,-258486.875965,0.0,-54466.460799,0.0,0.0,0.0,-242168.468005,0.0,-0.085778,-0.085778,1963150.0,1963150.0,https://www.sedar.com/ModifyCompanyDocumentSearchForm.do?lang=EN&company_search=CALIBRE MINING CORP&document_selection=0&industry_group=A&FromDate=13&FromMonth=05&FromYear=2000&ToDate=13&ToMonth=11&ToYear=2020&Variable=Issuer,https://www.sedar.com/ModifyCompanyDocumentSearchForm.do?lang=EN&company_search=CALIBRE MINING CORP&document_selection=0&industry_group=A&FromDate=13&FromMonth=05&FromYear=2000&ToDate=13&ToMonth=11&ToYear=2020&Variable=Issuer
2005-12-31,CXB.TO,CAD,,2005-12-31,2005-12-31,2005,Q4,0.0,0.0,0.0,0.0,23460.742303,0.0,0.0,334827.137337,6139.803489000013,364427.683129,364427.683129,0.0,0.0,4390.464336,-360037.218793,0.0,-364427.683129,0.0,-2767.947469,0.0,0.0,0.0,-357746.492708,0.0,-0.0010854453106421713,-0.0010854453106421713,329585000.0,329585000.0,https://www.sedar.com/ModifyCompanyDocumentSearchForm.do?lang=EN&company_search=CALIBRE MINING CORP&document_selection=0&industry_group=A&FromDate=13&FromMonth=05&FromYear=2000&ToDate=13&ToMonth=11&ToYear=2020&Variable=Issuer,https://www.sedar.com/ModifyCompanyDocumentSearchForm.do?lang=EN&company_search=CALIBRE MINING CORP&document_selection=0&industry_group=A&FromDate=13&FromMonth=05&FromYear=2000&ToDate=13&ToMonth=11&ToYear=2020&Variable=Issuer
2005-09-30,CXB.TO,CAD,,2005-09-30,2005-09-30,2005,Q3,0.0,0.0,0.0,0.0,33092.504193,0.0,0.0,300803.337204,142732.55063800002,476628.392035,476628.392035,0.0,0.0,4227.637025,-472400.75501,0.0,-476628.392035,0.0,-139760.891068,0.0,0.0,0.0,-453345.37479,0.0,-0.258031,-0.258031,1961595.0,1961595.0,https://www.sedar.com/ModifyCompanyDocumentSearchForm.do?lang=EN&company_search=CALIBRE MINING CORP&document_selection=0&industry_group=A&FromDate=13&FromMonth=05&FromYear=2000&ToDate=13&ToMonth=11&ToYear=2020&Variable=Issuer,https://www.sedar.com/ModifyCompanyDocumentSearchForm.do?lang=EN&company_search=CALIBRE MINING CORP&document_selection=0&industry_group=A&FromDate=13&FromMonth=05&FromYear=2000&ToDate=13&ToMonth=11&ToYear=2020&Variable=Issuer
2005-06-30,CXB.TO,CAD,,2005-06-30,2005-06-30,2005,Q2,0.0,0.0,0.0,0.0,2232.580161,0.0,0.0,383376.869327,3653.758243999968,389263.207732,389263.207732,0.0,0.0,3610.810452,-385609.449487,0.0,-389263.207732,0.0,-5970.417292,0.0,0.0,0.0,-373509.436427,0.0,-0.16326,-0.16326,1949685.0,1949685.0,https://www.sedar.com/ModifyCompanyDocumentSearchForm.do?lang=EN&company_search=CALIBRE MINING CORP&document_selection=0&industry_group=A&FromDate=13&FromMonth=05&FromYear=2000&ToDate=13&ToMonth=11&ToYear=2020&Variable=Issuer,https://www.sedar.com/ModifyCompanyDocumentSearchForm.do?lang=EN&company_search=CALIBRE MINING CORP&document_selection=0&industry_group=A&FromDate=13&FromMonth=05&FromYear=2000&ToDate=13&ToMonth=11&ToYear=2020&Variable=Issuer
2005-03-31,CXB.TO,CAD,,2005-03-31,2005-03-31,2005,Q1,0.0,0.0,0.0,0.0,0.0,0.0,0.0,298555.01364,102781.681408,401336.695048,401336.695048,0.0,0.0,3429.775978,-397906.919071,0.0,-401336.695048,0.0,-99285.773332,0.0,0.0,0.0,-376103.166074,0.0,-0.16533,-0.16533,1945400.0,1945400.0,https://www.sedar.com/ModifyCompanyDocumentSearchForm.do?lang=EN&company_search=CALIBRE MINING CORP&document_selection=0&industry_group=A&FromDate=13&FromMonth=05&FromYear=2000&ToDate=13&ToMonth=11&ToYear=2020&Variable=Issuer,https://www.sedar.com/ModifyCompanyDocumentSearchForm.do?lang=EN&company_search=CALIBRE MINING CORP&document_selection=0&industry_group=A&FromDate=13&FromMonth=05&FromYear=2000&ToDate=13&ToMonth=11&ToYear=2020&Variable=Issuer
2004-12-31,CXB.TO,CAD,,2004-12-31,2004-12-31,2004,Q4,0.0,0.0,0.0,0.0,0.0,0.0,0.0,266116.450661,55159.85233100003,321276.302992,321276.302992,0.0,0.0,3541.833817,-317734.469175,0.0,-321276.302992,0.0,-50659.132259,0.0,0.0,0.0,-292887.022209,0.0,-0.0008886539806392888,-0.0008886539806392888,329585000.0,329585000.0,https://www.sedar.com/ModifyCompanyDocumentSearchForm.do?lang=EN&company_search=CALIBRE MINING CORP&document_selection=0&industry_group=A&FromDate=13&FromMonth=05&FromYear=2000&ToDate=13&ToMonth=11&ToYear=2020&Variable=Issuer,https://www.sedar.com/ModifyCompanyDocumentSearchForm.do?lang=EN&company_search=CALIBRE MINING CORP&document_selection=0&industry_group=A&FromDate=13&FromMonth=05&FromYear=2000&ToDate=13&ToMonth=11&ToYear=2020&Variable=Issuer
2004-09-30,CXB.TO,CAD,,2004-09-30,2004-09-30,2004,Q3,0.0,0.0,0.0,0.0,0.0,0.0,0.0,184188.742378,16217.223415999993,200405.965794,200405.965794,0.0,0.0,2521.825476,-197884.140318,0.0,-200405.965794,0.0,-13009.935061,0.0,0.0,0.0,-179451.946178,0.0,-0.07929,-0.07929,1916052.0,1916052.0,https://www.sedar.com/ModifyCompanyDocumentSearchForm.do?lang=EN&company_search=CALIBRE MINING CORP&document_selection=0&industry_group=A&FromDate=13&FromMonth=05&FromYear=2000&ToDate=13&ToMonth=11&ToYear=2020&Variable=Issuer,https://www.sedar.com/ModifyCompanyDocumentSearchForm.do?lang=EN&company_search=CALIBRE MINING CORP&document_selection=0&industry_group=A&FromDate=13&FromMonth=05&FromYear=2000&ToDate=13&ToMonth=11&ToYear=2020&Variable=Issuer
2004-06-30,CXB.TO,CAD,,2004-06-30,2004-06-30,2004,Q2,0.0,0.0,0.0,0.0,0.0,0.0,0.0,301094.392271,2758.1085539999767,303852.500825,303852.500825,0.0,0.0,2758.108554,-301094.392271,0.0,-303852.500825,0.0,-20086.111194,0.0,0.0,0.0,-311738.275976,0.0,-0.225029,-0.225029,1460922.0,1460922.0,https://www.sedar.com/ModifyCompanyDocumentSearchForm.do?lang=EN&company_search=CALIBRE MINING CORP&document_selection=0&industry_group=A&FromDate=13&FromMonth=05&FromYear=2000&ToDate=13&ToMonth=11&ToYear=2020&Variable=Issuer,https://www.sedar.com/ModifyCompanyDocumentSearchForm.do?lang=EN&company_search=CALIBRE MINING CORP&document_selection=0&industry_group=A&FromDate=13&FromMonth=05&FromYear=2000&ToDate=13&ToMonth=11&ToYear=2020&Variable=Issuer
2004-03-31,CXB.TO,CAD,,2004-03-31,2004-03-31,2004,Q1,0.0,0.0,0.0,0.0,0.0,0.0,0.0,591305.044157,0.0,591305.044157,591305.044157,0.0,0.0,0.0,-591305.044157,0.0,-591305.044157,0.0,-380.561614,0.0,0.0,0.0,-589795.000076,0.0,-0.457589,-0.457589,1221837.0,1221837.0,https://www.sedar.com/ModifyCompanyDocumentSearchForm.do?lang=EN&company_search=CALIBRE MINING CORP&document_selection=0&industry_group=A&FromDate=13&FromMonth=05&FromYear=2000&ToDate=13&ToMonth=11&ToYear=2020&Variable=Issuer,https://www.sedar.com/ModifyCompanyDocumentSearchForm.do?lang=EN&company_search=CALIBRE MINING CORP&document_selection=0&industry_group=A&FromDate=13&FromMonth=05&FromYear=2000&ToDate=13&ToMonth=11&ToYear=2020&Variable=Issuer
2003-12-31,CXB.TO,CAD,,2003-12-31,2003-12-31,2003,Q4,0.0,0.0,0.0,0.0,0.0,0.0,0.0,127861.36829,186247.36846199998,314108.736752,314108.736752,0.0,0.0,0.0,-314108.736752,0.0,-314108.736752,0.0,0.0,0.0,0.0,0.0,-206735.278222,0.0,-0.0006272593662393616,-0.0006272593662393616,329585000.0,329585000.0,https://www.sedar.com/ModifyCompanyDocumentSearchForm.do?lang=EN&company_search=CALIBRE MINING CORP&document_selection=0&industry_group=A&FromDate=13&FromMonth=05&FromYear=2000&ToDate=13&ToMonth=11&ToYear=2020&Variable=Issuer,https://www.sedar.com/ModifyCompanyDocumentSearchForm.do?lang=EN&company_search=CALIBRE MINING CORP&document_selection=0&industry_group=A&FromDate=13&FromMonth=05&FromYear=2000&ToDate=13&ToMonth=11&ToYear=2020&Variable=Issuer
2003-09-30,CXB.TO,CAD,,2003-09-30,2003-09-30,2003,Q3,0.0,0.0,0.0,0.0,0.0,0.0,0.0,9731.764497,0.0,9731.764497,9731.764497,0.0,0.0,0.0,-9731.764497,0.0,-9731.764497,0.0,0.0,0.0,0.0,0.0,-9723.629425,0.0,-0.011171,-0.011171,870400.0,870400.0,https://www.sedar.com/ModifyCompanyDocumentSearchForm.do?lang=EN&company_search=CALIBRE MINING CORP&document_selection=0&industry_group=A&FromDate=13&FromMonth=05&FromYear=2000&ToDate=13&ToMonth=11&ToYear=2020&Variable=Issuer,https://www.sedar.com/ModifyCompanyDocumentSearchForm.do?lang=EN&company_search=CALIBRE MINING CORP&document_selection=0&industry_group=A&FromDate=13&FromMonth=05&FromYear=2000&ToDate=13&ToMonth=11&ToYear=2020&Variable=Issuer
2003-06-30,CXB.TO,CAD,,2003-06-30,2003-06-30,2003,Q2,0.0,0.0,0.0,0.0,0.0,0.0,0.0,15629.036808,0.0,15629.036808,15629.036808,0.0,0.0,0.0,-15629.036808,0.0,-15629.036808,0.0,0.0,0.0,0.0,0.0,-15633.491217,0.0,-0.017961,-0.017961,870400.0,870400.0,https://www.sedar.com/ModifyCompanyDocumentSearchForm.do?lang=EN&company_search=CALIBRE MINING CORP&document_selection=0&industry_group=A&FromDate=13&FromMonth=05&FromYear=2000&ToDate=13&ToMonth=11&ToYear=2020&Variable=Issuer,https://www.sedar.com/ModifyCompanyDocumentSearchForm.do?lang=EN&company_search=CALIBRE MINING CORP&document_selection=0&industry_group=A&FromDate=13&FromMonth=05&FromYear=2000&ToDate=13&ToMonth=11&ToYear=2020&Variable=Issuer
2003-03-31,CXB.TO,CAD,,2003-03-31,2003-03-31,2003,Q1,0.0,0.0,0.0,0.0,0.0,0.0,0.0,8166.755236,0.0,8166.755236,8166.755236,0.0,0.0,0.0,-8166.755236,0.0,-8166.755236,0.0,0.0,0.0,0.0,0.0,-8142.228399,0.0,-0.006813,-0.006813,870400.0,870400.0,https://www.sedar.com/ModifyCompanyDocumentSearchForm.do?lang=EN&company_search=CALIBRE MINING CORP&document_selection=0&industry_group=A&FromDate=13&FromMonth=05&FromYear=2000&ToDate=13&ToMonth=11&ToYear=2020&Variable=Issuer,https://www.sedar.com/ModifyCompanyDocumentSearchForm.do?lang=EN&company_search=CALIBRE MINING CORP&document_selection=0&industry_group=A&FromDate=13&FromMonth=05&FromYear=2000&ToDate=13&ToMonth=11&ToYear=2020&Variable=Issuer
2002-12-31,CXB.TO,CAD,,2002-12-31,2002-12-31,2002,Q4,0.0,0.0,0.0,0.0,0.0,0.0,0.0,10006.02835,0.0,10006.02835,10006.02835,0.0,0.0,0.0,-10006.02835,0.0,-10006.02835,0.0,0.0,0.0,0.0,0.0,-9853.45169,0.0,-2.9896541681205153e-05,-2.9896541681205153e-05,329585000.0,329585000.0,https://www.sedar.com/ModifyCompanyDocumentSearchForm.do?lang=EN&company_search=CALIBRE MINING CORP&document_selection=0&industry_group=A&FromDate=13&FromMonth=05&FromYear=2000&ToDate=13&ToMonth=11&ToYear=2020&Variable=Issuer,https://www.sedar.com/ModifyCompanyDocumentSearchForm.do?lang=EN&company_search=CALIBRE MINING CORP&document_selection=0&industry_group=A&FromDate=13&FromMonth=05&FromYear=2000&ToDate=13&ToMonth=11&ToYear=2020&Variable=Issuer
2002-09-30,CXB.TO,CAD,,2002-09-30,2002-09-30,2002,Q3,0.0,0.0,0.0,0.0,0.0,0.0,0.0,17178.412778,0.0,17178.412778,17178.412778,0.0,0.0,0.0,-17178.412778,0.0,-17178.412778,0.0,0.0,0.0,0.0,0.0,-16927.00293,0.0,-0.019447,-0.019447,870400.0,870400.0,https://www.sedar.com/ModifyCompanyDocumentSearchForm.do?lang=EN&company_search=CALIBRE MINING CORP&document_selection=0&industry_group=A&FromDate=13&FromMonth=05&FromYear=2000&ToDate=13&ToMonth=11&ToYear=2020&Variable=Issuer,https://www.sedar.com/ModifyCompanyDocumentSearchForm.do?lang=EN&company_search=CALIBRE MINING CORP&document_selection=0&industry_group=A&FromDate=13&FromMonth=05&FromYear=2000&ToDate=13&ToMonth=11&ToYear=2020&Variable=Issuer
2002-06-30,CXB.TO,CAD,,2002-06-30,2002-06-30,2002,Q2,0.0,0.0,0.0,0.0,0.0,0.0,0.0,3561.490274,0.0,3561.490274,3561.490274,0.0,0.0,0.0,-3561.490274,0.0,-3561.490274,0.0,0.0,0.0,0.0,0.0,-3562.149687,0.0,-0.004731,-0.004731,752900.0,752900.0,https://www.sedar.com/ModifyCompanyDocumentSearchForm.do?lang=EN&company_search=CALIBRE MINING CORP&document_selection=0&industry_group=A&FromDate=13&FromMonth=05&FromYear=2000&ToDate=13&ToMonth=11&ToYear=2020&Variable=Issuer,https://www.sedar.com/ModifyCompanyDocumentSearchForm.do?lang=EN&company_search=CALIBRE MINING CORP&document_selection=0&industry_group=A&FromDate=13&FromMonth=05&FromYear=2000&ToDate=13&ToMonth=11&ToYear=2020&Variable=Issuer
2002-03-31,CXB.TO,CAD,,2002-03-31,2002-03-31,2002,Q1,0.0,0.0,0.0,0.0,0.0,0.0,0.0,9246.347733,0.0,9246.347733,9246.347733,0.0,0.0,0.0,-9246.347733,0.0,-9246.347733,0.0,0.0,0.0,0.0,0.0,-9245.720735,0.0,-0.01228,-0.01228,752900.0,752900.0,https://www.sedar.com/ModifyCompanyDocumentSearchForm.do?lang=EN&company_search=CALIBRE MINING CORP&document_selection=0&industry_group=A&FromDate=13&FromMonth=05&FromYear=2000&ToDate=13&ToMonth=11&ToYear=2020&Variable=Issuer,https://www.sedar.com/ModifyCompanyDocumentSearchForm.do?lang=EN&company_search=CALIBRE MINING CORP&document_selection=0&industry_group=A&FromDate=13&FromMonth=05&FromYear=2000&ToDate=13&ToMonth=11&ToYear=2020&Variable=Issuer
