date,symbol,reportedCurrency,cik,fillingDate,acceptedDate,calendarYear,period,revenue,costOfRevenue,grossProfit,grossProfitRatio,researchAndDevelopmentExpenses,generalAndAdministrativeExpenses,sellingAndMarketingExpenses,sellingGeneralAndAdministrativeExpenses,otherExpenses,operatingExpenses,costAndExpenses,interestIncome,interestExpense,depreciationAndAmortization,ebitda,ebitdaratio,operatingIncome,operatingIncomeRatio,totalOtherIncomeExpensesNet,incomeBeforeTax,incomeBeforeTaxRatio,incomeTaxExpense,netIncome,netIncomeRatio,eps,epsdiluted,weightedAverageShsOut,weightedAverageShsOutDil,link,finalLink
2022-06-30,EXN.TO,USD,,2022-06-30,2022-06-30,2022,Q2,7781000.0,9260000.0,-1479000.0,-0.19007839609304716,0.0,1097000.0,0.0,1097000.0,991000.0,2088000.0,11348000.0,0.0,1137000.0,3059000.0,-454000.0,-0.058347256136743346,-3567000.0,-0.45842436704793726,-1083000.0,-4650000.0,-0.5976095617529881,90000.0,-4740000.0,-0.6091761984320782,-0.1402604891765064,-0.1402604891765064,33794264.0,33794264.0,https://www.sedar.com/ModifyCompanyDocumentSearchForm.do?lang=EN&company_search=Excellon Resources Inc.&document_selection=0&industry_group=A&FromDate=13&FromMonth=05&FromYear=2000&ToDate=13&ToMonth=11&ToYear=2020&Variable=Issuer,https://www.sedar.com/ModifyCompanyDocumentSearchForm.do?lang=EN&company_search=Excellon Resources Inc.&document_selection=0&industry_group=A&FromDate=13&FromMonth=05&FromYear=2000&ToDate=13&ToMonth=11&ToYear=2020&Variable=Issuer
2022-03-31,EXN.TO,USD,,2022-03-31,2022-03-31,2022,Q1,8496000.0,7913000.0,583000.0,0.06862052730696798,0.0,1244000.0,0.0,1244000.0,1245000.0,2489000.0,10402000.0,0.0,931000.0,2376000.0,1540000.0,0.1812617702448211,-1906000.0,-0.22434086629001884,139000.0,-1767000.0,-0.20798022598870056,-67000.0,-1700000.0,-0.20009416195856874,-0.05,-0.05,33794264.0,33794264.0,https://www.sedar.com/ModifyCompanyDocumentSearchForm.do?lang=EN&company_search=Excellon Resources Inc.&document_selection=0&industry_group=A&FromDate=13&FromMonth=05&FromYear=2000&ToDate=13&ToMonth=11&ToYear=2020&Variable=Issuer,https://www.sedar.com/ModifyCompanyDocumentSearchForm.do?lang=EN&company_search=Excellon Resources Inc.&document_selection=0&industry_group=A&FromDate=13&FromMonth=05&FromYear=2000&ToDate=13&ToMonth=11&ToYear=2020&Variable=Issuer
2021-12-31,EXN.TO,USD,,2021-12-31,2021-12-31,2021,Q4,9306000.0,10602000.0,-1296000.0,-0.13926499032882012,0.0,1257000.0,0.0,1257000.0,-20381000.0,-19124000.0,-8522000.0,299000.0,1088000.0,2015000.0,-18178000.0,-1.9533634214485278,17828000.0,1.9157532774554051,-39109000.0,-21281000.0,-2.2868042123361274,165000.0,-21446000.0,-2.304534708790028,-0.20382831508515814,-0.19929004200275063,105216000.0,107612000.0,https://www.sedar.com/ModifyCompanyDocumentSearchForm.do?lang=EN&company_search=Excellon Resources Inc.&document_selection=0&industry_group=A&FromDate=13&FromMonth=05&FromYear=2000&ToDate=13&ToMonth=11&ToYear=2020&Variable=Issuer,https://www.sedar.com/ModifyCompanyDocumentSearchForm.do?lang=EN&company_search=Excellon Resources Inc.&document_selection=0&industry_group=A&FromDate=13&FromMonth=05&FromYear=2000&ToDate=13&ToMonth=11&ToYear=2020&Variable=Issuer
2021-09-30,EXN.TO,USD,,2021-09-30,2021-09-30,2021,Q3,9151000.0,7376000.0,1775000.0,0.1939678723636761,0.0,1246000.0,0.0,1246000.0,24937000.0,26183000.0,33559000.0,1000.0,773000.0,1909000.0,-23257000.0,-2.541470877499727,-24408000.0,-2.6672494809310456,-1531000.0,-25939000.0,-2.834553600699377,4921000.0,-30860000.0,-3.3723090372636872,-0.94,-0.94,32784967.0,32784967.0,https://www.sedar.com/ModifyCompanyDocumentSearchForm.do?lang=EN&company_search=Excellon Resources Inc.&document_selection=0&industry_group=A&FromDate=13&FromMonth=05&FromYear=2000&ToDate=13&ToMonth=11&ToYear=2020&Variable=Issuer,https://www.sedar.com/ModifyCompanyDocumentSearchForm.do?lang=EN&company_search=Excellon Resources Inc.&document_selection=0&industry_group=A&FromDate=13&FromMonth=05&FromYear=2000&ToDate=13&ToMonth=11&ToYear=2020&Variable=Issuer
2021-06-30,EXN.TO,USD,,2021-06-30,2021-06-30,2021,Q2,9717000.0,7587000.0,2130000.0,0.2192034578573634,0.0,1513000.0,0.0,1513000.0,1945000.0,3458000.0,11045000.0,1000.0,1000000.0,1900000.0,377000.0,0.03879798291653803,-1328000.0,-0.13666769579088195,-1195000.0,-2523000.0,-0.25964803951836984,22000.0,-2545000.0,-0.261912112792014,-0.08,-0.08,32400248.0,32400248.0,https://www.sedar.com/ModifyCompanyDocumentSearchForm.do?lang=EN&company_search=Excellon Resources Inc.&document_selection=0&industry_group=A&FromDate=13&FromMonth=05&FromYear=2000&ToDate=13&ToMonth=11&ToYear=2020&Variable=Issuer,https://www.sedar.com/ModifyCompanyDocumentSearchForm.do?lang=EN&company_search=Excellon Resources Inc.&document_selection=0&industry_group=A&FromDate=13&FromMonth=05&FromYear=2000&ToDate=13&ToMonth=11&ToYear=2020&Variable=Issuer
2021-03-31,EXN.TO,USD,,2021-03-31,2021-03-31,2021,Q1,9781000.0,7943000.0,1838000.0,0.18791534607913302,0.0,2216000.0,0.0,3441000.0,0.0,3441000.0,11384000.0,4000.0,678000.0,0.0,-2275000.0,-0.23259380431448728,-1603000.0,-0.16388917288620797,-1350000.0,-2953000.0,-0.30191186995194763,-31000.0,-2922000.0,-0.2987424598711788,-0.09,-0.09,32371125.0,32371125.0,https://www.sedar.com/ModifyCompanyDocumentSearchForm.do?lang=EN&company_search=Excellon Resources Inc&document_selection=0&industry_group=A&FromDate=13&FromMonth=05&FromYear=2000&ToDate=13&ToMonth=11&ToYear=2020&Variable=Issuer,https://www.sedar.com/ModifyCompanyDocumentSearchForm.do?lang=EN&company_search=Excellon Resources Inc&document_selection=0&industry_group=A&FromDate=13&FromMonth=05&FromYear=2000&ToDate=13&ToMonth=11&ToYear=2020&Variable=Issuer
2020-12-31,EXN.TO,USD,,2020-12-31,2020-12-31,2020,Q4,9029000.0,7431000.0,1598000.0,0.1769852696865655,0.0,1886000.0,0.0,3286000.0,0.0,3286000.0,10717000.0,6000.0,874000.0,0.0,-431000.0,-0.0477350758666519,-1688000.0,-0.18695315095802414,383000.0,-1305000.0,-0.1445342784361502,4703000.0,-6008000.0,-0.6654114519880385,-0.19,-0.19,31621053.0,31621053.0,https://www.sedar.com/ModifyCompanyDocumentSearchForm.do?lang=EN&company_search=Excellon Resources Inc&document_selection=0&industry_group=A&FromDate=13&FromMonth=05&FromYear=2000&ToDate=13&ToMonth=11&ToYear=2020&Variable=Issuer,https://www.sedar.com/ModifyCompanyDocumentSearchForm.do?lang=EN&company_search=Excellon Resources Inc&document_selection=0&industry_group=A&FromDate=13&FromMonth=05&FromYear=2000&ToDate=13&ToMonth=11&ToYear=2020&Variable=Issuer
2020-09-30,EXN.TO,USD,,2020-09-30,2020-09-30,2020,Q3,9667000.0,7144000.0,2523000.0,0.2609910003103341,0.0,1376000.0,0.0,3521000.0,0.0,3521000.0,10665000.0,10000.0,620000.0,0.0,-1396000.0,-0.14440881348919002,-998000.0,-0.10323781938553843,-1018000.0,-2016000.0,-0.20854453294713976,-1776000.0,-240000.0,-0.02482673011275473,-0.008,-0.008,29029958.0,29029958.0,https://www.sedar.com/ModifyCompanyDocumentSearchForm.do?lang=EN&company_search=Excellon Resources Inc&document_selection=0&industry_group=A&FromDate=13&FromMonth=05&FromYear=2000&ToDate=13&ToMonth=11&ToYear=2020&Variable=Issuer,https://www.sedar.com/ModifyCompanyDocumentSearchForm.do?lang=EN&company_search=Excellon Resources Inc&document_selection=0&industry_group=A&FromDate=13&FromMonth=05&FromYear=2000&ToDate=13&ToMonth=11&ToYear=2020&Variable=Issuer
2020-06-30,EXN.TO,USD,,2020-06-30,2020-06-30,2020,Q2,891000.0,3307000.0,-2416000.0,-2.7115600448933783,0.0,2294000.0,0.0,2621000.0,0.0,2621000.0,5928000.0,15000.0,246000.0,0.0,-3251000.0,-3.648709315375982,-5037000.0,-5.653198653198653,1540000.0,-3497000.0,-3.924803591470258,-97000.0,-3400000.0,-3.8159371492704826,-0.1,-0.1,29029958.0,29029958.0,https://www.sedar.com/ModifyCompanyDocumentSearchForm.do?lang=EN&company_search=Excellon Resources Inc&document_selection=0&industry_group=A&FromDate=13&FromMonth=05&FromYear=2000&ToDate=13&ToMonth=11&ToYear=2020&Variable=Issuer,https://www.sedar.com/ModifyCompanyDocumentSearchForm.do?lang=EN&company_search=Excellon Resources Inc&document_selection=0&industry_group=A&FromDate=13&FromMonth=05&FromYear=2000&ToDate=13&ToMonth=11&ToYear=2020&Variable=Issuer
2020-03-31,EXN.TO,USD,,2020-03-31,2020-03-31,2020,Q1,6615000.0,6748000.0,-133000.0,-0.020105820105820106,0.0,1082000.0,0.0,1549000.0,0.0,1549000.0,8297000.0,16000.0,241000.0,0.0,-5178000.0,-0.7827664399092971,-1682000.0,-0.25427059712774,-3737000.0,-5419000.0,-0.819198790627362,953000.0,-6372000.0,-0.963265306122449,-0.3,-0.3,22501763.0,22501763.0,https://www.sedar.com/ModifyCompanyDocumentSearchForm.do?lang=EN&company_search=Excellon Resources Inc&document_selection=0&industry_group=A&FromDate=13&FromMonth=05&FromYear=2000&ToDate=13&ToMonth=11&ToYear=2020&Variable=Issuer,https://www.sedar.com/ModifyCompanyDocumentSearchForm.do?lang=EN&company_search=Excellon Resources Inc&document_selection=0&industry_group=A&FromDate=13&FromMonth=05&FromYear=2000&ToDate=13&ToMonth=11&ToYear=2020&Variable=Issuer
2019-12-31,EXN.TO,USD,,2019-12-31,2019-12-31,2019,Q4,6674000.0,7267000.0,-593000.0,-0.08885226251123764,0.0,1215000.0,0.0,1664000.0,0.0,1664000.0,8931000.0,23000.0,18000.0,0.0,-906000.0,-0.13575067425831586,-2257000.0,-0.3381780041953851,1333000.0,-924000.0,-0.1384477075217261,257000.0,-1181000.0,-0.17695534911597244,-0.03720423030684953,-0.03720423030684953,31743702.0,31743702.0,https://www.sedar.com/ModifyCompanyDocumentSearchForm.do?lang=EN&company_search=Excellon Resources Inc&document_selection=0&industry_group=A&FromDate=13&FromMonth=05&FromYear=2000&ToDate=13&ToMonth=11&ToYear=2020&Variable=Issuer,https://www.sedar.com/ModifyCompanyDocumentSearchForm.do?lang=EN&company_search=Excellon Resources Inc&document_selection=0&industry_group=A&FromDate=13&FromMonth=05&FromYear=2000&ToDate=13&ToMonth=11&ToYear=2020&Variable=Issuer
2019-09-30,EXN.TO,USD,,2019-09-30,2019-09-30,2019,Q3,5943000.0,6930000.0,-987000.0,-0.16607773851590105,0.0,1117000.0,0.0,2078000.0,0.0,2078000.0,9008000.0,14000.0,20000.0,0.0,-3247000.0,-0.5463570587245499,-3065000.0,-0.5157327948847383,-202000.0,-3267000.0,-0.5497223624432105,-365000.0,-2902000.0,-0.48830556957765436,-0.15,-0.15,20690304.0,20690304.0,https://www.sedar.com/ModifyCompanyDocumentSearchForm.do?lang=EN&company_search=Excellon Resources Inc&document_selection=0&industry_group=A&FromDate=13&FromMonth=05&FromYear=2000&ToDate=13&ToMonth=11&ToYear=2020&Variable=Issuer,https://www.sedar.com/ModifyCompanyDocumentSearchForm.do?lang=EN&company_search=Excellon Resources Inc&document_selection=0&industry_group=A&FromDate=13&FromMonth=05&FromYear=2000&ToDate=13&ToMonth=11&ToYear=2020&Variable=Issuer
2019-06-30,EXN.TO,USD,,2019-06-30,2019-06-30,2019,Q2,8674000.0,7946000.0,728000.0,0.08392898316808854,0.0,953000.0,0.0,2022000.0,0.0,2022000.0,9968000.0,0.0,17000.0,0.0,-1551000.0,-0.17881023749135347,-1294000.0,-0.14918146183998154,-274000.0,-1568000.0,-0.1807701175928061,640000.0,-2208000.0,-0.25455383905925755,-0.1,-0.1,19870682.0,19870682.0,https://www.sedar.com/ModifyCompanyDocumentSearchForm.do?lang=EN&company_search=Excellon Resources Inc&document_selection=0&industry_group=A&FromDate=13&FromMonth=05&FromYear=2000&ToDate=13&ToMonth=11&ToYear=2020&Variable=Issuer,https://www.sedar.com/ModifyCompanyDocumentSearchForm.do?lang=EN&company_search=Excellon Resources Inc&document_selection=0&industry_group=A&FromDate=13&FromMonth=05&FromYear=2000&ToDate=13&ToMonth=11&ToYear=2020&Variable=Issuer
2019-03-31,EXN.TO,USD,,2019-03-31,2019-03-31,2019,Q1,5179000.0,5781000.0,-602000.0,-0.11623865611121838,0.0,1327000.0,0.0,2993000.0,0.0,2993000.0,8774000.0,0.0,12000.0,0.0,-3282000.0,-0.6337130720216257,-3595000.0,-0.6941494497007145,301000.0,-3294000.0,-0.6360301216451052,491000.0,-3785000.0,-0.7308360687391389,-0.2,-0.2,19853694.0,19853694.0,https://www.sedar.com/ModifyCompanyDocumentSearchForm.do?lang=EN&company_search=Excellon Resources Inc&document_selection=0&industry_group=A&FromDate=13&FromMonth=05&FromYear=2000&ToDate=13&ToMonth=11&ToYear=2020&Variable=Issuer,https://www.sedar.com/ModifyCompanyDocumentSearchForm.do?lang=EN&company_search=Excellon Resources Inc&document_selection=0&industry_group=A&FromDate=13&FromMonth=05&FromYear=2000&ToDate=13&ToMonth=11&ToYear=2020&Variable=Issuer
2018-12-31,EXN.TO,USD,,2018-12-31,2018-12-31,2018,Q4,5955000.0,6217000.0,-262000.0,-0.04399664147774979,0.0,565000.0,0.0,1945000.0,0.0,1945000.0,8162000.0,0.0,15000.0,0.0,-1703000.0,-0.28597816960537364,-2207000.0,-0.37061293031066334,489000.0,-1718000.0,-0.28849706129303104,2432000.0,-4150000.0,-0.6968933669185559,-0.130734594219666,-0.130734594219666,31743702.0,31743702.0,https://www.sedar.com/ModifyCompanyDocumentSearchForm.do?lang=EN&company_search=Excellon Resources Inc&document_selection=0&industry_group=A&FromDate=13&FromMonth=05&FromYear=2000&ToDate=13&ToMonth=11&ToYear=2020&Variable=Issuer,https://www.sedar.com/ModifyCompanyDocumentSearchForm.do?lang=EN&company_search=Excellon Resources Inc&document_selection=0&industry_group=A&FromDate=13&FromMonth=05&FromYear=2000&ToDate=13&ToMonth=11&ToYear=2020&Variable=Issuer
2018-09-30,EXN.TO,USD,,2018-09-30,2018-09-30,2018,Q3,2570000.0,6097000.0,-3527000.0,-1.3723735408560311,0.0,1027000.0,0.0,2076000.0,0.0,2076000.0,8173000.0,0.0,19000.0,0.0,-4101000.0,-1.5957198443579768,-5603000.0,-2.180155642023346,1483000.0,-4120000.0,-1.6031128404669261,-538000.0,-3582000.0,-1.3937743190661478,-0.18158383074562012,-0.17506847929174976,19726426.0,20460565.0,https://www.sedar.com/ModifyCompanyDocumentSearchForm.do?lang=EN&company_search=Excellon Resources Inc&document_selection=0&industry_group=A&FromDate=13&FromMonth=05&FromYear=2000&ToDate=13&ToMonth=11&ToYear=2020&Variable=Issuer,https://www.sedar.com/ModifyCompanyDocumentSearchForm.do?lang=EN&company_search=Excellon Resources Inc&document_selection=0&industry_group=A&FromDate=13&FromMonth=05&FromYear=2000&ToDate=13&ToMonth=11&ToYear=2020&Variable=Issuer
2018-06-30,EXN.TO,USD,,2018-06-30,2018-06-30,2018,Q2,9877000.0,6027000.0,3850000.0,0.38979447200566975,0.0,1432000.0,0.0,2771000.0,0.0,2771000.0,8798000.0,0.0,10000.0,0.0,419000.0,0.04242178799230536,1079000.0,0.1092436974789916,-670000.0,409000.0,0.041409334818264656,-845000.0,1254000.0,0.12696162802470387,0.06378210811158878,0.06126848632442435,19660686.0,20467292.0,https://www.sedar.com/ModifyCompanyDocumentSearchForm.do?lang=EN&company_search=Excellon Resources Inc&document_selection=0&industry_group=A&FromDate=13&FromMonth=05&FromYear=2000&ToDate=13&ToMonth=11&ToYear=2020&Variable=Issuer,https://www.sedar.com/ModifyCompanyDocumentSearchForm.do?lang=EN&company_search=Excellon Resources Inc&document_selection=0&industry_group=A&FromDate=13&FromMonth=05&FromYear=2000&ToDate=13&ToMonth=11&ToYear=2020&Variable=Issuer
2018-03-31,EXN.TO,USD,,2018-03-31,2018-03-31,2018,Q1,5911000.0,5241000.0,670000.0,0.11334799526306885,0.0,1370000.0,0.0,2165000.0,0.0,2165000.0,7406000.0,0.0,13000.0,0.0,-342000.0,-0.057858230417864996,-1495000.0,-0.2529182879377432,1140000.0,-355000.0,-0.0600575198781932,867000.0,-1222000.0,-0.20673320927085095,-0.06435206032705486,-0.060389111457741756,18989291.0,20235436.0,https://www.sedar.com/ModifyCompanyDocumentSearchForm.do?lang=EN&company_search=Excellon Resources Inc&document_selection=0&industry_group=A&FromDate=13&FromMonth=05&FromYear=2000&ToDate=13&ToMonth=11&ToYear=2020&Variable=Issuer,https://www.sedar.com/ModifyCompanyDocumentSearchForm.do?lang=EN&company_search=Excellon Resources Inc&document_selection=0&industry_group=A&FromDate=13&FromMonth=05&FromYear=2000&ToDate=13&ToMonth=11&ToYear=2020&Variable=Issuer
2017-12-31,EXN.TO,USD,,2017-12-31,2017-12-31,2017,Q4,7123000.0,6073000.0,1050000.0,0.14740979924189246,0.0,1104000.0,0.0,1516000.0,0.0,1516000.0,7589000.0,0.0,70000.0,0.0,-547000.0,-0.07679348589077636,-466000.0,-0.0654218728064018,-151000.0,-617000.0,-0.08662080584023586,-2170000.0,1553000.0,0.21802611259300855,0.04892309031882923,0.04892309031882923,31743702.0,31743702.0,https://www.sedar.com/ModifyCompanyDocumentSearchForm.do?lang=EN&company_search=Excellon Resources Inc&document_selection=0&industry_group=A&FromDate=13&FromMonth=05&FromYear=2000&ToDate=13&ToMonth=11&ToYear=2020&Variable=Issuer,https://www.sedar.com/ModifyCompanyDocumentSearchForm.do?lang=EN&company_search=Excellon Resources Inc&document_selection=0&industry_group=A&FromDate=13&FromMonth=05&FromYear=2000&ToDate=13&ToMonth=11&ToYear=2020&Variable=Issuer
2017-09-30,EXN.TO,USD,,2017-09-30,2017-09-30,2017,Q3,7102000.0,5586000.0,1516000.0,0.21346099690228104,0.0,828000.0,0.0,1288000.0,0.0,1288000.0,6874000.0,0.0,63000.0,0.0,-5757000.0,-0.810616727682343,228000.0,0.03210363277949873,-6048000.0,-5820000.0,-0.8194874683187835,87000.0,-5907000.0,-0.8317375387214869,-0.3865623164368888,-0.35773003306837775,15280848.0,16512452.0,https://www.sedar.com/ModifyCompanyDocumentSearchForm.do?lang=EN&company_search=Excellon Resources Inc&document_selection=0&industry_group=A&FromDate=13&FromMonth=05&FromYear=2000&ToDate=13&ToMonth=11&ToYear=2020&Variable=Issuer,https://www.sedar.com/ModifyCompanyDocumentSearchForm.do?lang=EN&company_search=Excellon Resources Inc&document_selection=0&industry_group=A&FromDate=13&FromMonth=05&FromYear=2000&ToDate=13&ToMonth=11&ToYear=2020&Variable=Issuer
2017-06-30,EXN.TO,USD,,2017-06-30,2017-06-30,2017,Q2,3570000.0,4579000.0,-1009000.0,-0.2826330532212885,0.0,807000.0,0.0,1472000.0,0.0,1472000.0,6051000.0,0.0,80000.0,0.0,-130000.0,-0.036414565826330535,-2481000.0,-0.6949579831932773,2271000.0,-210000.0,-0.058823529411764705,292000.0,-502000.0,-0.14061624649859944,-0.03294471260332138,-0.030613177680163885,15237650.0,16398167.0,https://www.sedar.com/ModifyCompanyDocumentSearchForm.do?lang=EN&company_search=Excellon Resources Inc&document_selection=0&industry_group=A&FromDate=13&FromMonth=05&FromYear=2000&ToDate=13&ToMonth=11&ToYear=2020&Variable=Issuer,https://www.sedar.com/ModifyCompanyDocumentSearchForm.do?lang=EN&company_search=Excellon Resources Inc&document_selection=0&industry_group=A&FromDate=13&FromMonth=05&FromYear=2000&ToDate=13&ToMonth=11&ToYear=2020&Variable=Issuer
2017-03-31,EXN.TO,USD,,2017-03-31,2017-03-31,2017,Q1,3413000.0,4571000.0,-1158000.0,-0.33929094638148255,0.0,1294000.0,0.0,1911000.0,0.0,1911000.0,6482000.0,0.0,61000.0,0.0,-20000.0,-0.005859947260474656,-3069000.0,-0.8992089071198359,2988000.0,-81000.0,-0.023732786404922355,754000.0,-835000.0,-0.24465279812481688,-0.05485842289326739,-0.050883908332669606,15220999.0,16409903.0,https://www.sedar.com/ModifyCompanyDocumentSearchForm.do?lang=EN&company_search=Excellon Resources Inc&document_selection=0&industry_group=A&FromDate=13&FromMonth=05&FromYear=2000&ToDate=13&ToMonth=11&ToYear=2020&Variable=Issuer,https://www.sedar.com/ModifyCompanyDocumentSearchForm.do?lang=EN&company_search=Excellon Resources Inc&document_selection=0&industry_group=A&FromDate=13&FromMonth=05&FromYear=2000&ToDate=13&ToMonth=11&ToYear=2020&Variable=Issuer
2016-12-31,EXN.TO,USD,,2016-12-31,2016-12-31,2016,Q4,3354000.0,4315000.0,-961000.0,-0.28652355396541446,0.0,1163000.0,0.0,2274000.0,0.0,2274000.0,6589000.0,0.0,40000.0,0.0,-1689000.0,-0.5035778175313059,-3235000.0,-0.9645199761478831,1506000.0,-1729000.0,-0.5155038759689923,-1674000.0,-55000.0,-0.016398330351818723,-0.0017326271523088264,-0.0017326271523088264,31743702.0,31743702.0,https://www.sedar.com/ModifyCompanyDocumentSearchForm.do?lang=EN&company_search=Excellon Resources Inc&document_selection=0&industry_group=A&FromDate=13&FromMonth=05&FromYear=2000&ToDate=13&ToMonth=11&ToYear=2020&Variable=Issuer,https://www.sedar.com/ModifyCompanyDocumentSearchForm.do?lang=EN&company_search=Excellon Resources Inc&document_selection=0&industry_group=A&FromDate=13&FromMonth=05&FromYear=2000&ToDate=13&ToMonth=11&ToYear=2020&Variable=Issuer
2016-09-30,EXN.TO,USD,,2016-09-30,2016-09-30,2016,Q3,4009000.0,4102000.0,-93000.0,-0.0231978049388875,0.0,907000.0,0.0,1180000.0,0.0,1180000.0,5282000.0,0.0,42000.0,0.0,-6883000.0,-1.716887004240459,-1273000.0,-0.3175355450236967,-5652000.0,-6925000.0,-1.7273634322773759,87000.0,-7012000.0,-1.749064604639561,-0.49331412325550456,-0.45365199560943537,14214067.0,15456782.0,https://www.sedar.com/ModifyCompanyDocumentSearchForm.do?lang=EN&company_search=Excellon Resources Inc&document_selection=0&industry_group=A&FromDate=13&FromMonth=05&FromYear=2000&ToDate=13&ToMonth=11&ToYear=2020&Variable=Issuer,https://www.sedar.com/ModifyCompanyDocumentSearchForm.do?lang=EN&company_search=Excellon Resources Inc&document_selection=0&industry_group=A&FromDate=13&FromMonth=05&FromYear=2000&ToDate=13&ToMonth=11&ToYear=2020&Variable=Issuer
2016-06-30,EXN.TO,USD,,2016-06-30,2016-06-30,2016,Q2,5370000.0,4050000.0,1320000.0,0.24581005586592178,0.0,617000.0,0.0,844000.0,0.0,844000.0,4894000.0,0.0,108000.0,0.0,-4759000.0,-0.886219739292365,476000.0,0.08864059590316574,-5343000.0,-4867000.0,-0.9063314711359404,-489000.0,-4378000.0,-0.8152700186219739,-0.3575177456358418,-0.3331509297749344,12245546.0,13141191.0,https://www.sedar.com/ModifyCompanyDocumentSearchForm.do?lang=EN&company_search=Excellon Resources Inc&document_selection=0&industry_group=A&FromDate=13&FromMonth=05&FromYear=2000&ToDate=13&ToMonth=11&ToYear=2020&Variable=Issuer,https://www.sedar.com/ModifyCompanyDocumentSearchForm.do?lang=EN&company_search=Excellon Resources Inc&document_selection=0&industry_group=A&FromDate=13&FromMonth=05&FromYear=2000&ToDate=13&ToMonth=11&ToYear=2020&Variable=Issuer
2016-03-31,EXN.TO,USD,,2016-03-31,2016-03-31,2016,Q1,4261000.0,3874000.0,387000.0,0.09082375029335836,0.0,613000.0,0.0,800000.0,0.0,800000.0,4674000.0,0.0,0.0,0.0,-2751000.0,-0.6456230931706173,-413000.0,-0.09692560431823516,-2338000.0,-2751000.0,-0.6456230931706173,-125000.0,-2626000.0,-0.6162872565125558,-0.23872970342970765,-0.23334489690882879,10999888.0,11253728.0,https://www.sedar.com/ModifyCompanyDocumentSearchForm.do?lang=EN&company_search=Excellon Resources Inc&document_selection=0&industry_group=A&FromDate=13&FromMonth=05&FromYear=2000&ToDate=13&ToMonth=11&ToYear=2020&Variable=Issuer,https://www.sedar.com/ModifyCompanyDocumentSearchForm.do?lang=EN&company_search=Excellon Resources Inc&document_selection=0&industry_group=A&FromDate=13&FromMonth=05&FromYear=2000&ToDate=13&ToMonth=11&ToYear=2020&Variable=Issuer
2015-12-31,EXN.TO,USD,,2015-12-31,2015-12-31,2015,Q4,2477000.0,3993000.0,-1516000.0,-0.6120306822769479,0.0,932000.0,0.0,1236000.0,0.0,1236000.0,5229000.0,0.0,-49000.0,0.0,-2557000.0,-1.0322971336293905,-2752000.0,-1.1110213968510294,244000.0,-2508000.0,-1.0125151392813887,-831000.0,-1677000.0,-0.677028663706096,-0.05282937698948913,-0.05282937698948913,31743702.0,31743702.0,https://www.sedar.com/ModifyCompanyDocumentSearchForm.do?lang=EN&company_search=Excellon Resources Inc&document_selection=0&industry_group=A&FromDate=13&FromMonth=05&FromYear=2000&ToDate=13&ToMonth=11&ToYear=2020&Variable=Issuer,https://www.sedar.com/ModifyCompanyDocumentSearchForm.do?lang=EN&company_search=Excellon Resources Inc&document_selection=0&industry_group=A&FromDate=13&FromMonth=05&FromYear=2000&ToDate=13&ToMonth=11&ToYear=2020&Variable=Issuer
2015-09-30,EXN.TO,USD,,2015-09-30,2015-09-30,2015,Q3,4599000.0,4463000.0,136000.0,0.029571646010002173,0.0,633000.0,0.0,827000.0,0.0,827000.0,5290000.0,0.0,21000.0,0.0,-1297000.0,-0.2820178299630354,-691000.0,-0.1502500543596434,-627000.0,-1318000.0,-0.2865840400086975,-13000.0,-1305000.0,-0.2837573385518591,-0.11872676867403761,-0.11798450994478325,10991624.0,11060774.0,https://www.sedar.com/ModifyCompanyDocumentSearchForm.do?lang=EN&company_search=Excellon Resources Inc&document_selection=0&industry_group=A&FromDate=13&FromMonth=05&FromYear=2000&ToDate=13&ToMonth=11&ToYear=2020&Variable=Issuer,https://www.sedar.com/ModifyCompanyDocumentSearchForm.do?lang=EN&company_search=Excellon Resources Inc&document_selection=0&industry_group=A&FromDate=13&FromMonth=05&FromYear=2000&ToDate=13&ToMonth=11&ToYear=2020&Variable=Issuer
2015-06-30,EXN.TO,USD,,2015-06-30,2015-06-30,2015,Q2,4036000.0,4828000.0,-792000.0,-0.1962338949454906,0.0,812000.0,0.0,1050000.0,0.0,1050000.0,5878000.0,0.0,18000.0,0.0,-2564000.0,-0.6352824578790882,-1842000.0,-0.45639246778989095,-740000.0,-2582000.0,-0.6397423191278494,-761000.0,-1821000.0,-0.451189296333003,-0.1656716059428525,-0.16544689331891646,10991624.0,11006553.0,https://www.sedar.com/ModifyCompanyDocumentSearchForm.do?lang=EN&company_search=Excellon Resources Inc&document_selection=0&industry_group=A&FromDate=13&FromMonth=05&FromYear=2000&ToDate=13&ToMonth=11&ToYear=2020&Variable=Issuer,https://www.sedar.com/ModifyCompanyDocumentSearchForm.do?lang=EN&company_search=Excellon Resources Inc&document_selection=0&industry_group=A&FromDate=13&FromMonth=05&FromYear=2000&ToDate=13&ToMonth=11&ToYear=2020&Variable=Issuer
2015-03-31,EXN.TO,USD,,2015-03-31,2015-03-31,2015,Q1,5055000.0,5407000.0,-352000.0,-0.06963402571711177,0.0,742000.0,0.0,1018000.0,0.0,1018000.0,6425000.0,0.0,26000.0,0.0,-820000.0,-0.16221562809099901,-1370000.0,-0.27101879327398615,524000.0,-846000.0,-0.16735905044510385,-609000.0,-237000.0,-0.04688427299703264,-0.02157078256614767,-0.02156710792180804,10987084.0,10988956.0,https://www.sedar.com/ModifyCompanyDocumentSearchForm.do?lang=EN&company_search=Excellon Resources Inc&document_selection=0&industry_group=A&FromDate=13&FromMonth=05&FromYear=2000&ToDate=13&ToMonth=11&ToYear=2020&Variable=Issuer,https://www.sedar.com/ModifyCompanyDocumentSearchForm.do?lang=EN&company_search=Excellon Resources Inc&document_selection=0&industry_group=A&FromDate=13&FromMonth=05&FromYear=2000&ToDate=13&ToMonth=11&ToYear=2020&Variable=Issuer
2014-12-31,EXN.TO,USD,,2014-12-31,2014-12-31,2014,Q4,4234000.0,6579000.0,-2345000.0,-0.5538497874350496,0.0,899000.0,0.0,1315000.0,0.0,1315000.0,7894000.0,0.0,23000.0,0.0,-4607000.0,-1.0880963627775153,-3660000.0,-0.8644307982994804,-970000.0,-4630000.0,-1.093528578176665,-2044000.0,-2586000.0,-0.6107699574870099,-0.08146497847037501,-0.08146497847037501,31743702.0,31743702.0,https://www.sedar.com/ModifyCompanyDocumentSearchForm.do?lang=EN&company_search=Excellon Resources Inc&document_selection=0&industry_group=A&FromDate=13&FromMonth=05&FromYear=2000&ToDate=13&ToMonth=11&ToYear=2020&Variable=Issuer,https://www.sedar.com/ModifyCompanyDocumentSearchForm.do?lang=EN&company_search=Excellon Resources Inc&document_selection=0&industry_group=A&FromDate=13&FromMonth=05&FromYear=2000&ToDate=13&ToMonth=11&ToYear=2020&Variable=Issuer
2014-09-30,EXN.TO,USD,,2014-09-30,2014-09-30,2014,Q3,7205000.0,7347000.0,-142000.0,-0.01970853573907009,0.0,953000.0,0.0,2295000.0,0.0,2295000.0,9642000.0,0.0,22000.0,0.0,-17829000.0,-2.474531575294934,-2437000.0,-0.3382373351839001,-15414000.0,-17851000.0,-2.4775850104094377,19000.0,-17870000.0,-2.4802220680083273,-1.6263104449174022,-1.6237173586925213,10988062.0,11005610.0,https://www.sedar.com/ModifyCompanyDocumentSearchForm.do?lang=EN&company_search=Excellon Resources Inc&document_selection=0&industry_group=A&FromDate=13&FromMonth=05&FromYear=2000&ToDate=13&ToMonth=11&ToYear=2020&Variable=Issuer,https://www.sedar.com/ModifyCompanyDocumentSearchForm.do?lang=EN&company_search=Excellon Resources Inc&document_selection=0&industry_group=A&FromDate=13&FromMonth=05&FromYear=2000&ToDate=13&ToMonth=11&ToYear=2020&Variable=Issuer
2014-06-30,EXN.TO,USD,,2014-06-30,2014-06-30,2014,Q2,8792000.0,6662000.0,2130000.0,0.24226569608735213,0.0,1066000.0,0.0,1323000.0,0.0,1323000.0,7985000.0,0.0,22000.0,0.0,-74000.0,-0.008416742493175615,807000.0,0.09178798908098271,-903000.0,-96000.0,-0.01091901728844404,615000.0,-711000.0,-0.08086897179253867,-0.06467092142510335,-0.06458640898475979,10994122.0,11008508.0,https://www.sedar.com/ModifyCompanyDocumentSearchForm.do?lang=EN&company_search=Excellon Resources Inc&document_selection=0&industry_group=A&FromDate=13&FromMonth=05&FromYear=2000&ToDate=13&ToMonth=11&ToYear=2020&Variable=Issuer,https://www.sedar.com/ModifyCompanyDocumentSearchForm.do?lang=EN&company_search=Excellon Resources Inc&document_selection=0&industry_group=A&FromDate=13&FromMonth=05&FromYear=2000&ToDate=13&ToMonth=11&ToYear=2020&Variable=Issuer
2014-03-31,EXN.TO,USD,,2014-03-31,2014-03-31,2014,Q1,10536000.0,7797000.0,2739000.0,0.25996583143507973,0.0,1115000.0,0.0,1522000.0,0.0,1522000.0,9319000.0,0.0,22000.0,0.0,2317000.0,0.21991268033409264,1217000.0,0.11550873196659074,1078000.0,2295000.0,0.2178246013667426,420000.0,1875000.0,0.1779612756264237,0.1704924412744469,0.17027652908323115,10997555.0,11011500.0,https://www.sedar.com/ModifyCompanyDocumentSearchForm.do?lang=EN&company_search=Excellon Resources Inc&document_selection=0&industry_group=A&FromDate=13&FromMonth=05&FromYear=2000&ToDate=13&ToMonth=11&ToYear=2020&Variable=Issuer,https://www.sedar.com/ModifyCompanyDocumentSearchForm.do?lang=EN&company_search=Excellon Resources Inc&document_selection=0&industry_group=A&FromDate=13&FromMonth=05&FromYear=2000&ToDate=13&ToMonth=11&ToYear=2020&Variable=Issuer
2013-12-31,EXN.TO,USD,,2013-12-31,2013-12-31,2013,Q4,7445000.0,7247000.0,198000.0,0.02659503022162525,0.0,1369000.0,0.0,1555000.0,0.0,1555000.0,8802000.0,1000.0,18000.0,0.0,-932000.0,-0.1251846877098724,-1357000.0,-0.18226997985224982,407000.0,-950000.0,-0.12760241773002015,1457000.0,-2407000.0,-0.32330423102753525,-0.07582606464740628,-0.07582606464740628,31743702.0,31743702.0,https://www.sedar.com/ModifyCompanyDocumentSearchForm.do?lang=EN&company_search=Excellon Resources Inc&document_selection=0&industry_group=A&FromDate=13&FromMonth=05&FromYear=2000&ToDate=13&ToMonth=11&ToYear=2020&Variable=Issuer,https://www.sedar.com/ModifyCompanyDocumentSearchForm.do?lang=EN&company_search=Excellon Resources Inc&document_selection=0&industry_group=A&FromDate=13&FromMonth=05&FromYear=2000&ToDate=13&ToMonth=11&ToYear=2020&Variable=Issuer
2013-09-30,EXN.TO,USD,,2013-09-30,2013-09-30,2013,Q3,11645000.0,5389000.0,6256000.0,0.5372262773722628,0.0,981000.0,0.0,1352000.0,0.0,1352000.0,6741000.0,0.0,18000.0,0.0,4308000.0,0.369944182052383,4904000.0,0.4211249463288965,-614000.0,4290000.0,0.36839845427221984,1288000.0,3002000.0,0.2577930442249893,0.272432606280706,0.27210252953835207,11019239.0,11032606.0,https://www.sedar.com/ModifyCompanyDocumentSearchForm.do?lang=EN&company_search=Excellon Resources Inc&document_selection=0&industry_group=A&FromDate=13&FromMonth=05&FromYear=2000&ToDate=13&ToMonth=11&ToYear=2020&Variable=Issuer,https://www.sedar.com/ModifyCompanyDocumentSearchForm.do?lang=EN&company_search=Excellon Resources Inc&document_selection=0&industry_group=A&FromDate=13&FromMonth=05&FromYear=2000&ToDate=13&ToMonth=11&ToYear=2020&Variable=Issuer
2013-06-30,EXN.TO,USD,,2013-06-30,2013-06-30,2013,Q2,4187000.0,6003000.0,-1816000.0,-0.4337234296632434,0.0,1499000.0,0.0,2915000.0,0.0,2915000.0,8918000.0,0.0,19000.0,0.0,-6501000.0,-1.5526630045378553,-4731000.0,-1.129925961308813,-1789000.0,-6520000.0,-1.5572008598041558,-1485000.0,-5035000.0,-1.2025316455696202,-0.4577420869257223,-0.457029015487792,10999644.0,11016806.0,https://www.sedar.com/ModifyCompanyDocumentSearchForm.do?lang=EN&company_search=Excellon Resources Inc&document_selection=0&industry_group=A&FromDate=13&FromMonth=05&FromYear=2000&ToDate=13&ToMonth=11&ToYear=2020&Variable=Issuer,https://www.sedar.com/ModifyCompanyDocumentSearchForm.do?lang=EN&company_search=Excellon Resources Inc&document_selection=0&industry_group=A&FromDate=13&FromMonth=05&FromYear=2000&ToDate=13&ToMonth=11&ToYear=2020&Variable=Issuer
2013-03-31,EXN.TO,USD,,2013-03-31,2013-03-31,2013,Q1,10055000.0,5963000.0,4092000.0,0.4069617105917454,0.0,1712000.0,0.0,6622000.0,0.0,6622000.0,12585000.0,0.0,19000.0,0.0,-418000.0,-0.04157135753356539,-2530000.0,-0.25161611138736945,2093000.0,-437000.0,-0.043460964694182,164000.0,-601000.0,-0.05977125808055694,-0.05460844382835539,-0.054491184260262227,11005624.0,11029307.0,https://www.sedar.com/ModifyCompanyDocumentSearchForm.do?lang=EN&company_search=Excellon Resources Inc&document_selection=0&industry_group=A&FromDate=13&FromMonth=05&FromYear=2000&ToDate=13&ToMonth=11&ToYear=2020&Variable=Issuer,https://www.sedar.com/ModifyCompanyDocumentSearchForm.do?lang=EN&company_search=Excellon Resources Inc&document_selection=0&industry_group=A&FromDate=13&FromMonth=05&FromYear=2000&ToDate=13&ToMonth=11&ToYear=2020&Variable=Issuer
2012-12-31,EXN.TO,USD,,2012-12-31,2012-12-31,2012,Q4,9113000.0,5013000.0,4100000.0,0.4499067266542302,0.0,1810000.0,0.0,5504000.0,0.0,5504000.0,10517000.0,0.0,20000.0,0.0,-1801000.0,-0.19762975968396795,-1404000.0,-0.15406562054208273,-417000.0,-1821000.0,-0.1998244266432569,-8481000.0,6660000.0,0.730824097443213,0.20980539698866882,0.20980539698866882,31743702.0,31743702.0,https://www.sedar.com/ModifyCompanyDocumentSearchForm.do?lang=EN&company_search=Excellon Resources Inc&document_selection=0&industry_group=A&FromDate=13&FromMonth=05&FromYear=2000&ToDate=13&ToMonth=11&ToYear=2020&Variable=Issuer,https://www.sedar.com/ModifyCompanyDocumentSearchForm.do?lang=EN&company_search=Excellon Resources Inc&document_selection=0&industry_group=A&FromDate=13&FromMonth=05&FromYear=2000&ToDate=13&ToMonth=11&ToYear=2020&Variable=Issuer
2012-09-30,EXN.TO,USD,,2012-09-30,2012-09-30,2012,Q3,60000.0,3958000.0,-3898000.0,-64.96666666666667,0.0,1377000.0,0.0,3065000.0,0.0,3065000.0,7023000.0,3000.0,53000.0,0.0,-5470000.0,-91.16666666666667,-6963000.0,-116.05,1440000.0,-5523000.0,-92.05,-1173000.0,-4350000.0,-72.5,-0.39485096191594393,-0.3940334102287269,11016815.0,11039673.0,https://www.sedar.com/ModifyCompanyDocumentSearchForm.do?lang=EN&company_search=Excellon Resources Inc&document_selection=0&industry_group=A&FromDate=13&FromMonth=05&FromYear=2000&ToDate=13&ToMonth=11&ToYear=2020&Variable=Issuer,https://www.sedar.com/ModifyCompanyDocumentSearchForm.do?lang=EN&company_search=Excellon Resources Inc&document_selection=0&industry_group=A&FromDate=13&FromMonth=05&FromYear=2000&ToDate=13&ToMonth=11&ToYear=2020&Variable=Issuer
2012-06-30,EXN.TO,USD,,2012-06-30,2012-06-30,2012,Q2,13994000.0,5377000.0,8617000.0,0.6157638988137774,0.0,2263000.0,0.0,4792000.0,0.0,4792000.0,10169000.0,0.0,18000.0,0.0,1301000.0,0.092968415035015,3825000.0,0.27333142775475205,-2542000.0,1283000.0,0.0916821494926397,805000.0,478000.0,0.03415749606974418,0.043003524489697506,0.042904024415441645,11115368.0,11141146.0,https://www.sedar.com/ModifyCompanyDocumentSearchForm.do?lang=EN&company_search=Excellon Resources Inc&document_selection=0&industry_group=A&FromDate=13&FromMonth=05&FromYear=2000&ToDate=13&ToMonth=11&ToYear=2020&Variable=Issuer,https://www.sedar.com/ModifyCompanyDocumentSearchForm.do?lang=EN&company_search=Excellon Resources Inc&document_selection=0&industry_group=A&FromDate=13&FromMonth=05&FromYear=2000&ToDate=13&ToMonth=11&ToYear=2020&Variable=Issuer
2012-03-31,EXN.TO,USD,,2012-03-31,2012-03-31,2012,Q1,13106000.0,4841000.0,8265000.0,0.6306271936517626,0.0,1783000.0,0.0,1676000.0,0.0,1676000.0,6517000.0,15000.0,19000.0,0.0,6604000.0,0.5038913474744392,6589000.0,0.5027468335113688,-4000.0,6585000.0,0.5024416297878834,965000.0,5620000.0,0.42881123149702427,0.5038451362941437,0.5022463908190075,11154221.0,11189727.0,https://www.sedar.com/ModifyCompanyDocumentSearchForm.do?lang=EN&company_search=Excellon Resources Inc&document_selection=0&industry_group=A&FromDate=13&FromMonth=05&FromYear=2000&ToDate=13&ToMonth=11&ToYear=2020&Variable=Issuer,https://www.sedar.com/ModifyCompanyDocumentSearchForm.do?lang=EN&company_search=Excellon Resources Inc&document_selection=0&industry_group=A&FromDate=13&FromMonth=05&FromYear=2000&ToDate=13&ToMonth=11&ToYear=2020&Variable=Issuer
2011-12-31,EXN.TO,USD,,2011-12-31,2011-12-31,2011,Q4,14009000.0,3865000.0,10144000.0,0.7241059319009209,0.0,2325000.0,0.0,7439000.0,0.0,7439000.0,11304000.0,1000.0,27000.0,0.0,1428000.0,0.10193447069740881,2705000.0,0.1930901563280748,-1304000.0,1401000.0,0.10000713826825612,4502000.0,-3101000.0,-0.22135769862231422,-0.09768866907835766,-0.09768866907835766,31743702.0,31743702.0,https://www.sedar.com/ModifyCompanyDocumentSearchForm.do?lang=EN&company_search=Excellon Resources Inc&document_selection=0&industry_group=A&FromDate=13&FromMonth=05&FromYear=2000&ToDate=13&ToMonth=11&ToYear=2020&Variable=Issuer,https://www.sedar.com/ModifyCompanyDocumentSearchForm.do?lang=EN&company_search=Excellon Resources Inc&document_selection=0&industry_group=A&FromDate=13&FromMonth=05&FromYear=2000&ToDate=13&ToMonth=11&ToYear=2020&Variable=Issuer
2011-09-30,EXN.TO,USD,,2011-09-30,2011-09-30,2011,Q3,11174000.0,4394000.0,6780000.0,0.6067657061034545,0.0,2894000.0,0.0,7250000.0,0.0,7250000.0,11644000.0,20000.0,0.0,0.0,-450000.0,-0.04027206013960981,-470000.0,-0.042061929479148025,20000.0,-450000.0,-0.04027206013960981,526000.0,-976000.0,-0.08734562376946482,-0.087785,-0.087785,11118120.0,11118120.0,https://www.sedar.com/ModifyCompanyDocumentSearchForm.do?lang=EN&company_search=Excellon Resources Inc&document_selection=0&industry_group=A&FromDate=13&FromMonth=05&FromYear=2000&ToDate=13&ToMonth=11&ToYear=2020&Variable=Issuer,https://www.sedar.com/ModifyCompanyDocumentSearchForm.do?lang=EN&company_search=Excellon Resources Inc&document_selection=0&industry_group=A&FromDate=13&FromMonth=05&FromYear=2000&ToDate=13&ToMonth=11&ToYear=2020&Variable=Issuer
2011-06-30,EXN.TO,USD,,2011-06-30,2011-06-30,2011,Q2,15442000.0,3042000.0,12400000.0,0.8030047921253723,0.0,1493000.0,0.0,2972000.0,0.0,2972000.0,6014000.0,0.0,9000.0,0.0,9428000.0,0.6105426758191944,9428000.0,0.6105426758191944,-9000.0,9419000.0,0.6099598497603937,1364000.0,8055000.0,0.5216293226266028,0.75,0.75,10740000.0,10740000.0,https://www.sedar.com/ModifyCompanyDocumentSearchForm.do?lang=EN&company_search=Excellon Resources Inc&document_selection=0&industry_group=A&FromDate=13&FromMonth=05&FromYear=2000&ToDate=13&ToMonth=11&ToYear=2020&Variable=Issuer,https://www.sedar.com/ModifyCompanyDocumentSearchForm.do?lang=EN&company_search=Excellon Resources Inc&document_selection=0&industry_group=A&FromDate=13&FromMonth=05&FromYear=2000&ToDate=13&ToMonth=11&ToYear=2020&Variable=Issuer
2011-03-31,EXN.TO,USD,,2011-03-31,2011-03-31,2011,Q1,7385000.0,4031000.0,3354000.0,0.45416384563303996,0.0,1467000.0,0.0,2461000.0,0.0,2461000.0,6492000.0,0.0,16000.0,0.0,893000.0,0.12092078537576167,893000.0,0.12092078537576167,-16000.0,877000.0,0.11875423155044008,422000.0,455000.0,0.061611374407582936,0.045448,0.045448,10011520.0,10011520.0,https://www.sedar.com/ModifyCompanyDocumentSearchForm.do?lang=EN&company_search=Excellon Resources Inc&document_selection=0&industry_group=A&FromDate=13&FromMonth=05&FromYear=2000&ToDate=13&ToMonth=11&ToYear=2020&Variable=Issuer,https://www.sedar.com/ModifyCompanyDocumentSearchForm.do?lang=EN&company_search=Excellon Resources Inc&document_selection=0&industry_group=A&FromDate=13&FromMonth=05&FromYear=2000&ToDate=13&ToMonth=11&ToYear=2020&Variable=Issuer
2010-12-31,EXN.TO,USD,,2010-12-31,2010-12-31,2010,Q4,6453616.462105,6266014.914518,187601.54758700076,0.029069212384804484,0.0,2562063.478,0.0,4235006.651483,0.0,4235006.651483,10501021.566001,0.0,0.0,597446.986431,-3088847.462688,-0.47862271965267966,-4047405.103896,-0.627153027711201,361111.65477799997,-3686293.449118,-0.5711980981149951,-931954.495833,-2754339.953286,-0.42679015238342916,-0.08676807617731543,-0.08676807617731543,31743702.0,31743702.0,https://www.sedar.com/ModifyCompanyDocumentSearchForm.do?lang=EN&company_search=Excellon Resources Inc&document_selection=0&industry_group=A&FromDate=13&FromMonth=05&FromYear=2000&ToDate=13&ToMonth=11&ToYear=2020&Variable=Issuer,https://www.sedar.com/ModifyCompanyDocumentSearchForm.do?lang=EN&company_search=Excellon Resources Inc&document_selection=0&industry_group=A&FromDate=13&FromMonth=05&FromYear=2000&ToDate=13&ToMonth=11&ToYear=2020&Variable=Issuer
2010-09-30,EXN.TO,USD,,2010-09-30,2010-09-30,2010,Q3,6108963.946501,4117092.459779,1991871.486722,0.3260571684766406,0.0,1172491.761969,0.0,3182997.673968,0.0,3182997.673968,7300090.133747,0.0,0.0,497110.730768,-1588577.3870839998,-0.2600403932640462,-1191126.187246,-0.19498006497946926,-894561.9306060001,-2085688.117852,-0.3414143766631016,-18805.000969,-2066883.116883,-0.338336113125506,-0.21262938945917892,-0.2083093962407854,9720590.0,9922179.0,https://www.sedar.com/ModifyCompanyDocumentSearchForm.do?lang=EN&company_search=Excellon Resources Inc&document_selection=0&industry_group=A&FromDate=13&FromMonth=05&FromYear=2000&ToDate=13&ToMonth=11&ToYear=2020&Variable=Issuer,https://www.sedar.com/ModifyCompanyDocumentSearchForm.do?lang=EN&company_search=Excellon Resources Inc&document_selection=0&industry_group=A&FromDate=13&FromMonth=05&FromYear=2000&ToDate=13&ToMonth=11&ToYear=2020&Variable=Issuer
2010-06-30,EXN.TO,USD,,2010-06-30,2010-06-30,2010,Q2,7634550.801632,2438672.801442,5195878.00019,0.6805741601823257,0.0,2230799.734371,0.0,5949184.138127,0.0,5949184.138127,8387856.939569,498.055213,2264.491035,564523.026179,-188285.056546,-0.024662231143415963,-753306.137938,-0.09867065627187516,-1766.4358220000286,-755072.57376,-0.09890203017557915,-1195445.403662,440372.829902,0.05768156389867282,0.04541040274850943,0.04456123397932895,9697620.0,9882420.0,https://www.sedar.com/ModifyCompanyDocumentSearchForm.do?lang=EN&company_search=Excellon Resources Inc&document_selection=0&industry_group=A&FromDate=13&FromMonth=05&FromYear=2000&ToDate=13&ToMonth=11&ToYear=2020&Variable=Issuer,https://www.sedar.com/ModifyCompanyDocumentSearchForm.do?lang=EN&company_search=Excellon Resources Inc&document_selection=0&industry_group=A&FromDate=13&FromMonth=05&FromYear=2000&ToDate=13&ToMonth=11&ToYear=2020&Variable=Issuer
2010-03-31,EXN.TO,USD,,2010-03-31,2010-03-31,2010,Q1,10185667.059054,3339451.638219,6846215.420835,0.6721420777983731,0.0,3141250.735727,0.0,5696915.832843,0.0,5696915.832843,9036367.471061,22897.78301,1226.211497,236636.256622,1408833.627624,0.138315303205566,1149299.587993,0.11283498482030119,21671.571513000177,1170971.159506,0.11496263845234646,632324.896998,538646.262507,0.05288276745981005,0.055612625615250884,0.05506502732691863,9685683.0,9782003.0,https://www.sedar.com/ModifyCompanyDocumentSearchForm.do?lang=EN&company_search=Excellon Resources Inc&document_selection=0&industry_group=A&FromDate=13&FromMonth=05&FromYear=2000&ToDate=13&ToMonth=11&ToYear=2020&Variable=Issuer,https://www.sedar.com/ModifyCompanyDocumentSearchForm.do?lang=EN&company_search=Excellon Resources Inc&document_selection=0&industry_group=A&FromDate=13&FromMonth=05&FromYear=2000&ToDate=13&ToMonth=11&ToYear=2020&Variable=Issuer
2009-10-31,EXN.TO,USD,,2009-10-31,2009-10-31,2009,Q3,9096916.24248,3242077.741786,5854838.500694001,0.6436069481824597,0.0,1862099.953725,0.0,1862099.953725,2273565.9416940003,4135665.895419,7377743.637205,0.0,4281.351226,211004.164739,1930176.7700140001,0.2121792394878416,1719172.605275,0.18898410840004826,-4281.351225999882,1714891.254049,0.18851347075627098,819812.124017,895079.130032,0.09839368706641885,0.09255,0.09255,9608822.0,9608822.0,,
2009-07-31,EXN.TO,USD,,2009-07-31,2009-07-31,2009,Q2,10333778.274121,4245537.911428,6088240.362693,0.589159182749242,0.0,2660735.762212,0.0,2660735.762212,1669288.4757860005,4330024.237998,8575562.149425,-198.718493,30119.296371,803402.120392,2561419.526595,0.24786863610278853,1758216.124696,0.17014262141651723,-30318.014864000026,1727898.109832,0.1672087463071658,1112270.848715,615627.261117,0.059574266525412346,0.08911179925155772,0.08911179925155772,6908482.0,6908482.0,,
2009-04-30,EXN.TO,USD,,2009-04-30,2009-04-30,2009,Q1,4436314.444863,1517636.218955,2918678.225908,0.6579060754558693,0.0,1669707.249654,0.0,1669707.249654,594670.1846970001,2264377.434351,3782013.653307,14089.709763,73577.082548,513052.609843,1181443.1111619999,0.2663118509397015,654300.791557,0.1474874695400916,-59487.37278600002,594813.418771,0.13407828190802845,74406.332454,520407.086317,0.11730617673406848,0.083763,0.083763,6908482.0,6961254.0,,
2009-01-31,EXN.TO,USD,,2009-01-31,2009-01-31,2009,Q4,290937.766065,914857.490371,-623919.724306,-2.1445126658689158,0.0,1613821.204135,0.0,1613821.204135,1101430.366917,2715251.571052,3630109.061423,300.831137,80893.57389,659510.064875,-60918.883027,-0.20938802085044464,-3339171.295358,-11.47727000355113,2537848.7735659997,-801322.521792,-2.7542746774682123,-106105.007095,-695217.514697,-2.3895746643688662,-0.101358,-0.101358,6369746.0,6369746.0,,
2008-10-31,EXN.TO,USD,,2008-10-31,2008-10-31,2009,Q3,850949.879076,1477846.718372,-626896.839296,-0.7367024247969963,0.0,0.0,0.0,1303099.824869,3297234.5926110004,4600334.41748,6078181.135852,0.0,0.0,141704.611792,-5074111.4168960005,-5.96287929719868,-5227231.256776,-6.1428192015867795,11415.22808800079,-5215816.028688,-6.129404512462672,-267356.350596,-4948459.678092,-5.815218733523134,-0.771412,-0.771412,6369746.0,6369746.0,,
2008-07-31,EXN.TO,USD,,2008-07-31,2008-07-31,2008,Q2,3456554.23593,2045549.429291,1411004.806639,0.40821138924191175,0.0,3342798.298497,0.0,7068994.340554,0.0,7068994.340554,9114543.769845,0.0,0.0,400316.928708,-5223152.633781,-1.5110865553584145,-5657989.533915,-1.6368872431109691,34519.97142599989,-5623469.562489,-1.6269004270306155,-946245.874787,-4677223.687702,-1.3531463325769497,-0.14734335924971825,-0.14734335924971825,31743702.0,31743702.0,https://www.sedar.com/ModifyCompanyDocumentSearchForm.do?lang=EN&company_search=Excellon Resources Inc&document_selection=0&industry_group=A&FromDate=13&FromMonth=05&FromYear=2000&ToDate=13&ToMonth=11&ToYear=2020&Variable=Issuer,https://www.sedar.com/ModifyCompanyDocumentSearchForm.do?lang=EN&company_search=Excellon Resources Inc&document_selection=0&industry_group=A&FromDate=13&FromMonth=05&FromYear=2000&ToDate=13&ToMonth=11&ToYear=2020&Variable=Issuer
2008-04-30,EXN.TO,USD,,2008-04-30,2008-04-30,2008,Q1,9575982.952574,1479701.670053,8096281.282521,0.8454778295469647,0.0,3947073.69047,0.0,7416718.370583,0.0,7416718.370583,8896420.040636,0.0,0.0,433378.231803,1096918.545991,0.11454892426433895,679562.911938,0.07096534270200797,-16022.597749999957,663540.314188,0.069292136115347,2309206.600922,-1645666.286734,-0.17185351048391845,-0.272561,-0.272561,6037800.0,6037800.0,https://www.sedar.com/ModifyCompanyDocumentSearchForm.do?lang=EN&company_search=Excellon Resources Inc&document_selection=0&industry_group=A&FromDate=13&FromMonth=05&FromYear=2000&ToDate=13&ToMonth=11&ToYear=2020&Variable=Issuer,https://www.sedar.com/ModifyCompanyDocumentSearchForm.do?lang=EN&company_search=Excellon Resources Inc&document_selection=0&industry_group=A&FromDate=13&FromMonth=05&FromYear=2000&ToDate=13&ToMonth=11&ToYear=2020&Variable=Issuer
2008-01-31,EXN.TO,USD,,2008-01-31,2008-01-31,2008,Q4,5806294.765154,1849260.347662,3957034.4174920004,0.6815076701306686,0.0,2219813.717189,0.0,4398974.946456,0.0,4398974.946456,6248235.294118,0.0,0.0,1238068.451242,800129.5161420002,0.13780380578401075,-441940.528963,-0.07611403603125175,4001.5938629999873,-437938.9351,-0.07542485402709047,1150632.066544,-1588571.001644,-0.27359461858148815,-0.298849,-0.298849,5315623.0,5315623.0,https://www.sedar.com/ModifyCompanyDocumentSearchForm.do?lang=EN&company_search=Excellon Resources Inc&document_selection=0&industry_group=A&FromDate=13&FromMonth=05&FromYear=2000&ToDate=13&ToMonth=11&ToYear=2020&Variable=Issuer,https://www.sedar.com/ModifyCompanyDocumentSearchForm.do?lang=EN&company_search=Excellon Resources Inc&document_selection=0&industry_group=A&FromDate=13&FromMonth=05&FromYear=2000&ToDate=13&ToMonth=11&ToYear=2020&Variable=Issuer
2007-10-31,EXN.TO,USD,,2007-10-31,2007-10-31,2008,Q3,8812276.863199,2385307.947194,6426968.916005,0.7293199040130822,0.0,2051821.385368,0.0,4395267.448588,0.0,4395267.448588,6780575.395782,0.0,0.0,1863702.729711,3901837.6900009997,0.4427729349148671,2031701.467417,0.23055352197360032,6433.492872999981,2038134.96029,0.23128358220353554,944346.499763,1093788.460527,0.12412098229627537,0.184085,0.184085,5954946.0,5954946.0,https://www.sedar.com/ModifyCompanyDocumentSearchForm.do?lang=EN&company_search=Excellon Resources Inc&document_selection=0&industry_group=A&FromDate=13&FromMonth=05&FromYear=2000&ToDate=13&ToMonth=11&ToYear=2020&Variable=Issuer,https://www.sedar.com/ModifyCompanyDocumentSearchForm.do?lang=EN&company_search=Excellon Resources Inc&document_selection=0&industry_group=A&FromDate=13&FromMonth=05&FromYear=2000&ToDate=13&ToMonth=11&ToYear=2020&Variable=Issuer
2007-07-31,EXN.TO,USD,,2007-07-31,2007-07-31,2007,Q2,7847796.094834,1218917.557463,6628878.537371,0.8446802716669229,0.0,2265494.968407,0.0,6060600.773288,0.0,6060600.773288,7279518.33075,0.0,0.0,204101.978236,806324.9701230002,0.10274540270659975,568277.764083,0.07241240180247324,33945.227804000024,602222.991887,0.07673784902278842,2305275.878165,-1703052.886278,-0.21701033840559075,-0.05365010313787598,-0.05365010313787598,31743702.0,31743702.0,https://www.sedar.com/ModifyCompanyDocumentSearchForm.do?lang=EN&company_search=Excellon Resources Inc&document_selection=0&industry_group=A&FromDate=13&FromMonth=05&FromYear=2000&ToDate=13&ToMonth=11&ToYear=2020&Variable=Issuer,https://www.sedar.com/ModifyCompanyDocumentSearchForm.do?lang=EN&company_search=Excellon Resources Inc&document_selection=0&industry_group=A&FromDate=13&FromMonth=05&FromYear=2000&ToDate=13&ToMonth=11&ToYear=2020&Variable=Issuer
2007-04-30,EXN.TO,USD,,2007-04-30,2007-04-30,2007,Q1,9248113.207547,1254974.271012,7993138.936535,0.8642994259642207,0.0,1633588.516746,0.0,2865417.531823,0.0,2865417.531823,4120391.802835,0.0,0.0,776074.852263,5979480.106394,0.6465621659469302,5127721.404712,0.5544613576450903,75683.84941800032,5203405.25413,0.562645064712629,1676404.261082,3527000.993049,0.38137519663694874,0.609371,0.564232,5842546.0,5842546.0,https://www.sedar.com/ModifyCompanyDocumentSearchForm.do?lang=EN&company_search=Excellon Resources Inc&document_selection=0&industry_group=A&FromDate=13&FromMonth=05&FromYear=2000&ToDate=13&ToMonth=11&ToYear=2020&Variable=Issuer,https://www.sedar.com/ModifyCompanyDocumentSearchForm.do?lang=EN&company_search=Excellon Resources Inc&document_selection=0&industry_group=A&FromDate=13&FromMonth=05&FromYear=2000&ToDate=13&ToMonth=11&ToYear=2020&Variable=Issuer
2007-01-31,EXN.TO,USD,,2007-01-31,2007-01-31,2007,Q4,7131406.408952,1720489.148864,5410917.2600879995,0.7587447622247018,0.0,4037529.671075,0.0,5136081.722618,0.0,5136081.722618,6856570.871482,85344.184469,8615.632418,265670.858244,634466.2126020001,0.08896789444022704,274835.53747,0.03853875683273373,85344.18447000004,360179.72194,0.05050612758345523,176731.095287,183448.626653,0.02572404602025182,0.021194,0.021194,5809546.0,5809546.0,https://www.sedar.com/ModifyCompanyDocumentSearchForm.do?lang=EN&company_search=Excellon Resources Inc&document_selection=0&industry_group=A&FromDate=13&FromMonth=05&FromYear=2000&ToDate=13&ToMonth=11&ToYear=2020&Variable=Issuer,https://www.sedar.com/ModifyCompanyDocumentSearchForm.do?lang=EN&company_search=Excellon Resources Inc&document_selection=0&industry_group=A&FromDate=13&FromMonth=05&FromYear=2000&ToDate=13&ToMonth=11&ToYear=2020&Variable=Issuer
2006-10-31,EXN.TO,USD,,2006-10-31,2006-10-31,2007,Q3,10940000.891266,1096931.372549,9843069.518717,0.8997320582099093,0.0,990356.506239,0.0,2842901.069519,0.0,2842901.069519,3939832.442068,0.0,0.0,646903.743316,7738558.823529,0.7073636373930385,7000168.449198,0.6398690931356886,91486.63101600017,7091655.080214,0.6482316729860284,292857.397504,6798797.682709,0.6214622604040967,1.114082,1.114082,5809546.0,5809546.0,https://www.sedar.com/ModifyCompanyDocumentSearchForm.do?lang=EN&company_search=Excellon Resources Inc&document_selection=0&industry_group=A&FromDate=13&FromMonth=05&FromYear=2000&ToDate=13&ToMonth=11&ToYear=2020&Variable=Issuer,https://www.sedar.com/ModifyCompanyDocumentSearchForm.do?lang=EN&company_search=Excellon Resources Inc&document_selection=0&industry_group=A&FromDate=13&FromMonth=05&FromYear=2000&ToDate=13&ToMonth=11&ToYear=2020&Variable=Issuer
2006-07-31,EXN.TO,USD,,2006-07-31,2006-07-31,2006,Q2,9200604.224604,1442593.009752,7758011.214852,0.8432067096317155,0.0,3065499.036672,0.0,12427139.607698,0.0,12427139.607698,13869732.61745,0.0,0.0,450796.294017,4836499.766893,0.525671972060201,-4669128.392846,-0.5074806261484379,2919525.688507,0.0,0.0,0.0,4385703.472876,0.47667559279942445,0.13815979852872864,0.13815979852872864,31743702.0,31743702.0,https://www.sedar.com/ModifyCompanyDocumentSearchForm.do?lang=EN&company_search=Excellon Resources Inc&document_selection=0&industry_group=A&FromDate=13&FromMonth=05&FromYear=2000&ToDate=13&ToMonth=11&ToYear=2020&Variable=Issuer,https://www.sedar.com/ModifyCompanyDocumentSearchForm.do?lang=EN&company_search=Excellon Resources Inc&document_selection=0&industry_group=A&FromDate=13&FromMonth=05&FromYear=2000&ToDate=13&ToMonth=11&ToYear=2020&Variable=Issuer
2006-04-30,EXN.TO,USD,,2006-04-30,2006-04-30,2006,Q1,6989484.563758,1355515.883669,5633968.680089,0.8060635414093844,0.0,1978073.378076,0.0,4374791.946309,0.0,4374791.946309,5730307.829978,0.0,0.0,2767486.98109,-1288065.5916170003,-0.18428620592366723,1259176.733781,0.18015301733551364,-5323806.711409,0.0,0.0,0.0,-4055552.572707,-0.5802362871986189,-0.760626,-0.760626,5368548.0,5368548.0,https://www.sedar.com/ModifyCompanyDocumentSearchForm.do?lang=EN&company_search=Excellon Resources Inc&document_selection=0&industry_group=A&FromDate=13&FromMonth=05&FromYear=2000&ToDate=13&ToMonth=11&ToYear=2020&Variable=Issuer,https://www.sedar.com/ModifyCompanyDocumentSearchForm.do?lang=EN&company_search=Excellon Resources Inc&document_selection=0&industry_group=A&FromDate=13&FromMonth=05&FromYear=2000&ToDate=13&ToMonth=11&ToYear=2020&Variable=Issuer
2006-01-31,EXN.TO,USD,,2006-01-31,2006-01-31,2006,Q4,4290501.50846,1179048.5768,3111452.9316600002,0.7251956270204882,0.0,832595.863758,0.0,1617983.47252,0.0,1617983.47252,2797032.04932,0.0,0.0,2435867.804905,-1567267.1695169997,-0.36528763978445555,1493469.45914,0.3480873870327701,-3721597.656421,0.0,0.0,0.0,-4003134.974422,-0.933022623702294,-0.830746,-0.830746,4799486.0,4799486.0,https://www.sedar.com/ModifyCompanyDocumentSearchForm.do?lang=EN&company_search=Excellon Resources Inc&document_selection=0&industry_group=A&FromDate=13&FromMonth=05&FromYear=2000&ToDate=13&ToMonth=11&ToYear=2020&Variable=Issuer,https://www.sedar.com/ModifyCompanyDocumentSearchForm.do?lang=EN&company_search=Excellon Resources Inc&document_selection=0&industry_group=A&FromDate=13&FromMonth=05&FromYear=2000&ToDate=13&ToMonth=11&ToYear=2020&Variable=Issuer
2005-10-31,EXN.TO,USD,,2005-10-31,2005-10-31,2006,Q3,2769697.969543,966367.174281,1803330.795262,0.6510929404911068,0.0,752423.011844,0.0,1050597.292724,0.0,1050597.292724,2016964.467005,0.0,0.0,1095022.84264,578783.4179359999,0.20896986758144576,752733.502538,0.27177458005004096,-900137.055838,0.0,0.0,0.0,-516239.424704,-0.18638834644817948,-0.10756,-0.10756,4799486.0,4799486.0,https://www.sedar.com/ModifyCompanyDocumentSearchForm.do?lang=EN&company_search=Excellon Resources Inc&document_selection=0&industry_group=A&FromDate=13&FromMonth=05&FromYear=2000&ToDate=13&ToMonth=11&ToYear=2020&Variable=Issuer,https://www.sedar.com/ModifyCompanyDocumentSearchForm.do?lang=EN&company_search=Excellon Resources Inc&document_selection=0&industry_group=A&FromDate=13&FromMonth=05&FromYear=2000&ToDate=13&ToMonth=11&ToYear=2020&Variable=Issuer
2005-07-31,EXN.TO,USD,,2005-07-31,2005-07-31,2005,Q2,0.0,0.0,0.0,0.0,0.0,1695735.685188,0.0,4339205.773885,0.0,4339205.773885,5110606.198999,0.0,0.0,988990.853903,-4155360.60818,0.0,-4157304.204232,0.0,844224.654538,0.0,0.0,0.0,-3316492.597712,0.0,-0.10447718409503717,-0.10447718409503717,31743702.0,31743702.0,https://www.sedar.com/ModifyCompanyDocumentSearchForm.do?lang=EN&company_search=Excellon Resources Inc&document_selection=0&industry_group=A&FromDate=13&FromMonth=05&FromYear=2000&ToDate=13&ToMonth=11&ToYear=2020&Variable=Issuer,https://www.sedar.com/ModifyCompanyDocumentSearchForm.do?lang=EN&company_search=Excellon Resources Inc&document_selection=0&industry_group=A&FromDate=13&FromMonth=05&FromYear=2000&ToDate=13&ToMonth=11&ToYear=2020&Variable=Issuer
2005-04-30,EXN.TO,USD,,2005-04-30,2005-04-30,2005,Q1,0.0,0.0,0.0,0.0,0.0,524062.945933,0.0,639541.778976,0.0,639541.778976,639541.778976,0.0,2569.36737,111457.248251,-638733.153639,0.0,-639541.778976,0.0,-669749.4847,0.0,0.0,0.0,-1311860.631045,0.0,-0.297289,-0.297289,4453477.0,4453477.0,https://www.sedar.com/ModifyCompanyDocumentSearchForm.do?lang=EN&company_search=Excellon Resources Inc&document_selection=0&industry_group=A&FromDate=13&FromMonth=05&FromYear=2000&ToDate=13&ToMonth=11&ToYear=2020&Variable=Issuer,https://www.sedar.com/ModifyCompanyDocumentSearchForm.do?lang=EN&company_search=Excellon Resources Inc&document_selection=0&industry_group=A&FromDate=13&FromMonth=05&FromYear=2000&ToDate=13&ToMonth=11&ToYear=2020&Variable=Issuer
2005-01-31,EXN.TO,USD,,2005-01-31,2005-01-31,2005,Q4,0.0,0.0,0.0,0.0,0.0,2236196.229946,0.0,2353592.198553,0.0,2353592.198553,2353592.198553,0.0,0.0,115282.832679,-2352867.064052,0.0,-2353592.198553,0.0,45935.13313,0.0,0.0,0.0,-2295184.59069,0.0,-0.524291,-0.524291,4450857.0,4450857.0,https://www.sedar.com/ModifyCompanyDocumentSearchForm.do?lang=EN&company_search=Excellon Resources Inc&document_selection=0&industry_group=A&FromDate=13&FromMonth=05&FromYear=2000&ToDate=13&ToMonth=11&ToYear=2020&Variable=Issuer,https://www.sedar.com/ModifyCompanyDocumentSearchForm.do?lang=EN&company_search=Excellon Resources Inc&document_selection=0&industry_group=A&FromDate=13&FromMonth=05&FromYear=2000&ToDate=13&ToMonth=11&ToYear=2020&Variable=Issuer
2004-10-31,EXN.TO,USD,,2004-10-31,2004-10-31,2005,Q3,0.0,0.0,0.0,0.0,0.0,2700341.599606,0.0,2819586.138939,0.0,2819586.138939,2819586.138939,10331.745771,0.0,119244.539333,-2819117.2606340004,0.0,-2819586.138939,0.0,2029572.17934,0.0,0.0,0.0,-779682.213828,0.0,-0.205288,-0.205288,4442857.0,4442857.0,https://www.sedar.com/ModifyCompanyDocumentSearchForm.do?lang=EN&company_search=Excellon Resources Inc&document_selection=0&industry_group=A&FromDate=13&FromMonth=05&FromYear=2000&ToDate=13&ToMonth=11&ToYear=2020&Variable=Issuer,https://www.sedar.com/ModifyCompanyDocumentSearchForm.do?lang=EN&company_search=Excellon Resources Inc&document_selection=0&industry_group=A&FromDate=13&FromMonth=05&FromYear=2000&ToDate=13&ToMonth=11&ToYear=2020&Variable=Issuer
2004-07-31,EXN.TO,USD,,2004-07-31,2004-07-31,2004,Q2,0.0,0.0,0.0,0.0,0.0,3015011.843543,0.0,3051604.102093,0.0,3051604.102093,3051604.102093,0.0,-26557.484479,0.0,-3051604.102093,0.0,-3051604.102093,0.0,183894.614536,0.0,0.0,0.0,-2841152.003078,0.0,-0.0895028564430828,-0.0895028564430828,31743702.0,31743702.0,https://www.sedar.com/ModifyCompanyDocumentSearchForm.do?lang=EN&company_search=Excellon Resources Inc&document_selection=0&industry_group=A&FromDate=13&FromMonth=05&FromYear=2000&ToDate=13&ToMonth=11&ToYear=2020&Variable=Issuer,https://www.sedar.com/ModifyCompanyDocumentSearchForm.do?lang=EN&company_search=Excellon Resources Inc&document_selection=0&industry_group=A&FromDate=13&FromMonth=05&FromYear=2000&ToDate=13&ToMonth=11&ToYear=2020&Variable=Issuer
2004-04-30,EXN.TO,USD,,2004-04-30,2004-04-30,2004,Q1,0.0,0.0,0.0,0.0,0.0,360105.530129,0.0,360105.530129,0.0,360105.530129,360105.530129,0.0,0.0,0.0,-360105.530129,0.0,-360105.530129,0.0,-12608.955485,0.0,0.0,0.0,-482485.496895,0.0,-0.14576,-0.14576,3303157.0,3303157.0,https://www.sedar.com/ModifyCompanyDocumentSearchForm.do?lang=EN&company_search=Excellon Resources Inc&document_selection=0&industry_group=A&FromDate=13&FromMonth=05&FromYear=2000&ToDate=13&ToMonth=11&ToYear=2020&Variable=Issuer,https://www.sedar.com/ModifyCompanyDocumentSearchForm.do?lang=EN&company_search=Excellon Resources Inc&document_selection=0&industry_group=A&FromDate=13&FromMonth=05&FromYear=2000&ToDate=13&ToMonth=11&ToYear=2020&Variable=Issuer
2004-01-31,EXN.TO,USD,,2004-01-31,2004-01-31,2004,Q4,0.0,0.0,0.0,0.0,0.0,371451.320755,0.0,371451.320755,0.0,371451.320755,371451.320755,0.0,0.0,0.0,-371451.320755,0.0,-371451.320755,0.0,-474.716981,0.0,0.0,0.0,-463744.150943,0.0,-0.007547,-0.007547,3156712.0,3156712.0,https://www.sedar.com/ModifyCompanyDocumentSearchForm.do?lang=EN&company_search=Excellon Resources Inc&document_selection=0&industry_group=A&FromDate=13&FromMonth=05&FromYear=2000&ToDate=13&ToMonth=11&ToYear=2020&Variable=Issuer,https://www.sedar.com/ModifyCompanyDocumentSearchForm.do?lang=EN&company_search=Excellon Resources Inc&document_selection=0&industry_group=A&FromDate=13&FromMonth=05&FromYear=2000&ToDate=13&ToMonth=11&ToYear=2020&Variable=Issuer
2003-10-31,EXN.TO,USD,,2003-10-31,2003-10-31,2004,Q3,0.0,0.0,0.0,0.0,0.0,181784.569692,0.0,181784.569692,0.0,181784.569692,181784.569692,0.0,0.0,0.0,-181784.569692,0.0,-181784.569692,0.0,1864.577572,0.0,0.0,0.0,-288458.711843,0.0,-0.09138,-0.09138,3156712.0,3156712.0,https://www.sedar.com/ModifyCompanyDocumentSearchForm.do?lang=EN&company_search=Excellon Resources Inc&document_selection=0&industry_group=A&FromDate=13&FromMonth=05&FromYear=2000&ToDate=13&ToMonth=11&ToYear=2020&Variable=Issuer,https://www.sedar.com/ModifyCompanyDocumentSearchForm.do?lang=EN&company_search=Excellon Resources Inc&document_selection=0&industry_group=A&FromDate=13&FromMonth=05&FromYear=2000&ToDate=13&ToMonth=11&ToYear=2020&Variable=Issuer
2003-07-31,EXN.TO,USD,,2003-07-31,2003-07-31,2003,Q2,0.0,0.0,0.0,0.0,0.0,239762.391527,0.0,383938.126678,0.0,383938.126678,383938.126678,0.0,0.0,0.0,-383938.126678,0.0,-383938.126678,0.0,-4587.732455,0.0,0.0,0.0,-535222.8556,0.0,-0.016860757311796842,-0.016860757311796842,31743702.0,31743702.0,https://www.sedar.com/ModifyCompanyDocumentSearchForm.do?lang=EN&company_search=Excellon Resources Inc&document_selection=0&industry_group=A&FromDate=13&FromMonth=05&FromYear=2000&ToDate=13&ToMonth=11&ToYear=2020&Variable=Issuer,https://www.sedar.com/ModifyCompanyDocumentSearchForm.do?lang=EN&company_search=Excellon Resources Inc&document_selection=0&industry_group=A&FromDate=13&FromMonth=05&FromYear=2000&ToDate=13&ToMonth=11&ToYear=2020&Variable=Issuer
2003-04-30,EXN.TO,USD,,2003-04-30,2003-04-30,2003,Q1,0.0,0.0,0.0,0.0,0.0,98850.109547,0.0,242222.191211,0.0,242222.191211,242222.191211,0.0,0.0,0.0,-242222.191211,0.0,-242222.191211,0.0,3610.153644,0.0,0.0,0.0,-281693.157873,0.0,-0.174437,-0.174437,1732165.0,1732165.0,https://www.sedar.com/ModifyCompanyDocumentSearchForm.do?lang=EN&company_search=Excellon Resources Inc&document_selection=0&industry_group=A&FromDate=13&FromMonth=05&FromYear=2000&ToDate=13&ToMonth=11&ToYear=2020&Variable=Issuer,https://www.sedar.com/ModifyCompanyDocumentSearchForm.do?lang=EN&company_search=Excellon Resources Inc&document_selection=0&industry_group=A&FromDate=13&FromMonth=05&FromYear=2000&ToDate=13&ToMonth=11&ToYear=2020&Variable=Issuer
2003-01-31,EXN.TO,USD,,2003-01-31,2003-01-31,2003,Q4,0.0,0.0,0.0,0.0,0.0,85751.933807,0.0,244143.374452,0.0,244143.374452,244143.374452,0.0,0.0,0.0,-244143.374452,0.0,-244143.374452,0.0,377921.412188,0.0,0.0,0.0,98963.597768,0.0,0.059904,0.059904,1652045.0,1652045.0,https://www.sedar.com/ModifyCompanyDocumentSearchForm.do?lang=EN&company_search=Excellon Resources Inc&document_selection=0&industry_group=A&FromDate=13&FromMonth=05&FromYear=2000&ToDate=13&ToMonth=11&ToYear=2020&Variable=Issuer,https://www.sedar.com/ModifyCompanyDocumentSearchForm.do?lang=EN&company_search=Excellon Resources Inc&document_selection=0&industry_group=A&FromDate=13&FromMonth=05&FromYear=2000&ToDate=13&ToMonth=11&ToYear=2020&Variable=Issuer
2002-10-31,EXN.TO,USD,,2002-10-31,2002-10-31,2003,Q3,0.0,0.0,0.0,0.0,0.0,69656.066156,0.0,220016.295317,0.0,220016.295317,220016.295317,0.0,0.0,0.0,-220016.295317,0.0,-220016.295317,0.0,0.0,0.0,0.0,0.0,-227462.100556,0.0,-0.160387,-0.160387,1648565.0,1648565.0,https://www.sedar.com/ModifyCompanyDocumentSearchForm.do?lang=EN&company_search=Excellon Resources Inc&document_selection=0&industry_group=A&FromDate=13&FromMonth=05&FromYear=2000&ToDate=13&ToMonth=11&ToYear=2020&Variable=Issuer,https://www.sedar.com/ModifyCompanyDocumentSearchForm.do?lang=EN&company_search=Excellon Resources Inc&document_selection=0&industry_group=A&FromDate=13&FromMonth=05&FromYear=2000&ToDate=13&ToMonth=11&ToYear=2020&Variable=Issuer
