date,symbol,reportedCurrency,cik,fillingDate,acceptedDate,calendarYear,period,revenue,costOfRevenue,grossProfit,grossProfitRatio,researchAndDevelopmentExpenses,generalAndAdministrativeExpenses,sellingAndMarketingExpenses,sellingGeneralAndAdministrativeExpenses,otherExpenses,operatingExpenses,costAndExpenses,interestIncome,interestExpense,depreciationAndAmortization,ebitda,ebitdaratio,operatingIncome,operatingIncomeRatio,totalOtherIncomeExpensesNet,incomeBeforeTax,incomeBeforeTaxRatio,incomeTaxExpense,netIncome,netIncomeRatio,eps,epsdiluted,weightedAverageShsOut,weightedAverageShsOutDil,link,finalLink
2022-06-30,FR.TO,USD,,2022-06-30,2022-06-30,2022,Q2,160099000.0,148487000.0,11612000.0,0.07253012198702054,0.0,11955000.0,0.0,11955000.0,4351000.0,16306000.0,164793000.0,0.0,3628000.0,34623000.0,32913000.0,0.20557904796407223,3415000.0,0.021330551721122554,-8753000.0,-5338000.0,-0.03334186971811192,78712000.0,-84050000.0,-0.5249876638829725,-0.32,-0.32,262680950.0,262680950.0,https://www.sedar.com/ModifyCompanyDocumentSearchForm.do?lang=EN&company_search=First Majestic Silver Corp.&document_selection=0&industry_group=A&FromDate=13&FromMonth=05&FromYear=2000&ToDate=13&ToMonth=11&ToYear=2020&Variable=Issuer,https://www.sedar.com/ModifyCompanyDocumentSearchForm.do?lang=EN&company_search=First Majestic Silver Corp.&document_selection=0&industry_group=A&FromDate=13&FromMonth=05&FromYear=2000&ToDate=13&ToMonth=11&ToYear=2020&Variable=Issuer
2022-03-31,FR.TO,USD,,2022-03-31,2022-03-31,2022,Q1,157483000.0,142414000.0,15069000.0,0.09568651854485881,0.0,14703000.0,0.0,14703000.0,5072000.0,19775000.0,162189000.0,290000.0,2917000.0,30957000.0,29425000.0,0.18684556428312898,-2491000.0,-0.01581758031025571,-1958000.0,-4449000.0,-0.02825066832610504,-11734000.0,7285000.0,0.0462589612847101,0.03,0.03,260199875.0,262590216.0,https://www.sedar.com/ModifyCompanyDocumentSearchForm.do?lang=EN&company_search=First Majestic Silver Corp.&document_selection=0&industry_group=A&FromDate=13&FromMonth=05&FromYear=2000&ToDate=13&ToMonth=11&ToYear=2020&Variable=Issuer,https://www.sedar.com/ModifyCompanyDocumentSearchForm.do?lang=EN&company_search=First Majestic Silver Corp.&document_selection=0&industry_group=A&FromDate=13&FromMonth=05&FromYear=2000&ToDate=13&ToMonth=11&ToYear=2020&Variable=Issuer
2021-12-31,FR.TO,USD,,2021-12-31,2021-12-31,2021,Q4,206055000.0,165693000.0,40362000.0,0.19587974084589066,0.0,9450000.0,0.0,9450000.0,3834000.0,13284000.0,178977000.0,380000.0,3326000.0,43675000.0,66929000.0,0.3248113367790153,27078000.0,0.13141151634272402,-7150000.0,19928000.0,0.09671204290116717,23899000.0,-3971000.0,-0.019271553711387737,-0.015489708902263366,-0.015489708902263366,256363759.0,256363759.0,https://www.sedar.com/ModifyCompanyDocumentSearchForm.do?lang=EN&company_search=First Majestic Silver Corp.&document_selection=0&industry_group=A&FromDate=13&FromMonth=05&FromYear=2000&ToDate=13&ToMonth=11&ToYear=2020&Variable=Issuer,https://www.sedar.com/ModifyCompanyDocumentSearchForm.do?lang=EN&company_search=First Majestic Silver Corp.&document_selection=0&industry_group=A&FromDate=13&FromMonth=05&FromYear=2000&ToDate=13&ToMonth=11&ToYear=2020&Variable=Issuer
2021-09-30,FR.TO,USD,,2021-09-30,2021-09-30,2021,Q3,125120000.0,121602000.0,3518000.0,0.02811700767263427,0.0,8876000.0,0.0,8876000.0,4459000.0,13335000.0,134937000.0,306000.0,3146000.0,29528000.0,12873000.0,0.10288523017902813,-9817000.0,-0.07846067774936061,-9984000.0,-19801000.0,-0.15825607416879794,-1395000.0,-18406000.0,-0.14710677749360615,-0.07,-0.07,256363759.0,256363759.0,https://www.sedar.com/ModifyCompanyDocumentSearchForm.do?lang=EN&company_search=First Majestic Silver Corp.&document_selection=0&industry_group=A&FromDate=13&FromMonth=05&FromYear=2000&ToDate=13&ToMonth=11&ToYear=2020&Variable=Issuer,https://www.sedar.com/ModifyCompanyDocumentSearchForm.do?lang=EN&company_search=First Majestic Silver Corp.&document_selection=0&industry_group=A&FromDate=13&FromMonth=05&FromYear=2000&ToDate=13&ToMonth=11&ToYear=2020&Variable=Issuer
2021-06-30,FR.TO,USD,,2021-06-30,2021-06-30,2021,Q2,154860000.0,125437000.0,29423000.0,0.18999741702182615,0.0,9262000.0,0.0,9262000.0,3693000.0,12955000.0,138392000.0,169000.0,3041000.0,29275000.0,48872000.0,0.3155882732790908,16468000.0,0.10634121141676353,88000.0,16556000.0,0.10690946661500711,957000.0,15599000.0,0.10072969133410822,0.06,0.06,242781479.0,245837994.0,https://www.sedar.com/ModifyCompanyDocumentSearchForm.do?lang=EN&company_search=First Majestic Silver Corp.&document_selection=0&industry_group=A&FromDate=13&FromMonth=05&FromYear=2000&ToDate=13&ToMonth=11&ToYear=2020&Variable=Issuer,https://www.sedar.com/ModifyCompanyDocumentSearchForm.do?lang=EN&company_search=First Majestic Silver Corp.&document_selection=0&industry_group=A&FromDate=13&FromMonth=05&FromYear=2000&ToDate=13&ToMonth=11&ToYear=2020&Variable=Issuer
2021-03-31,FR.TO,USD,,2021-03-31,2021-03-31,2021,Q1,101190000.0,73074000.0,28116000.0,0.2778535428402016,0.0,10095000.0,0.0,15063000.0,0.0,15063000.0,88137000.0,0.0,2821000.0,460000.0,11848000.0,0.11708666864314655,13053000.0,0.12899495997628224,-4486000.0,8567000.0,0.0846625160588991,6712000.0,1855000.0,0.018331850973416344,0.01,0.01,222544712.0,225772720.0,https://www.sedar.com/ModifyCompanyDocumentSearchForm.do?lang=EN&company_search=First Majestic Silver Corp&document_selection=0&industry_group=A&FromDate=13&FromMonth=05&FromYear=2000&ToDate=13&ToMonth=11&ToYear=2020&Variable=Issuer,https://www.sedar.com/ModifyCompanyDocumentSearchForm.do?lang=EN&company_search=First Majestic Silver Corp&document_selection=0&industry_group=A&FromDate=13&FromMonth=05&FromYear=2000&ToDate=13&ToMonth=11&ToYear=2020&Variable=Issuer
2020-12-31,FR.TO,USD,,2020-12-31,2020-12-31,2020,Q4,117894000.0,74226000.0,43668000.0,0.37040052928902234,0.0,8954000.0,0.0,17071000.0,0.0,17071000.0,91297000.0,112000.0,3021000.0,478000.0,30972000.0,0.2627105705124943,26597000.0,0.22560096357745094,876000.0,27473000.0,0.23303136716033046,-7072000.0,34545000.0,0.29301745635910226,0.16073492221979185,0.16073492221979185,214919070.0,214919070.0,https://www.sedar.com/ModifyCompanyDocumentSearchForm.do?lang=EN&company_search=First Majestic Silver Corp&document_selection=0&industry_group=A&FromDate=13&FromMonth=05&FromYear=2000&ToDate=13&ToMonth=11&ToYear=2020&Variable=Issuer,https://www.sedar.com/ModifyCompanyDocumentSearchForm.do?lang=EN&company_search=First Majestic Silver Corp&document_selection=0&industry_group=A&FromDate=13&FromMonth=05&FromYear=2000&ToDate=13&ToMonth=11&ToYear=2020&Variable=Issuer
2020-09-30,FR.TO,USD,,2020-09-30,2020-09-30,2020,Q3,126832000.0,78799000.0,48033000.0,0.3787135738614861,0.0,6748000.0,0.0,11978000.0,0.0,11978000.0,90777000.0,244000.0,3022000.0,475000.0,47836000.0,0.37716033808502586,36055000.0,0.2842736848744796,8284000.0,44339000.0,0.3495884319414659,13393000.0,30946000.0,0.24399205247886968,0.14398908389097348,0.13236406645372473,214919070.0,233794570.0,https://www.sedar.com/ModifyCompanyDocumentSearchForm.do?lang=EN&company_search=First Majestic Silver Corp&document_selection=0&industry_group=A&FromDate=13&FromMonth=05&FromYear=2000&ToDate=13&ToMonth=11&ToYear=2020&Variable=Issuer,https://www.sedar.com/ModifyCompanyDocumentSearchForm.do?lang=EN&company_search=First Majestic Silver Corp&document_selection=0&industry_group=A&FromDate=13&FromMonth=05&FromYear=2000&ToDate=13&ToMonth=11&ToYear=2020&Variable=Issuer
2020-06-30,FR.TO,USD,,2020-06-30,2020-06-30,2020,Q2,34855000.0,42617000.0,-7762000.0,-0.22269401807488165,0.0,7324000.0,0.0,13942000.0,0.0,13942000.0,56559000.0,181000.0,2986000.0,469000.0,-11972000.0,-0.34348013197532634,-21704000.0,-0.6226940180748817,6277000.0,-15427000.0,-0.4426050781810357,-5459000.0,-9968000.0,-0.2859847941471812,-0.05,-0.05,209645317.0,209645317.0,https://www.sedar.com/ModifyCompanyDocumentSearchForm.do?lang=EN&company_search=First Majestic Silver Corp&document_selection=0&industry_group=A&FromDate=13&FromMonth=05&FromYear=2000&ToDate=13&ToMonth=11&ToYear=2020&Variable=Issuer,https://www.sedar.com/ModifyCompanyDocumentSearchForm.do?lang=EN&company_search=First Majestic Silver Corp&document_selection=0&industry_group=A&FromDate=13&FromMonth=05&FromYear=2000&ToDate=13&ToMonth=11&ToYear=2020&Variable=Issuer
2020-03-31,FR.TO,USD,,2020-03-31,2020-03-31,2020,Q1,86790000.0,65675000.0,21115000.0,0.2432883972807927,0.0,8206000.0,0.0,14064000.0,0.0,14064000.0,79739000.0,538000.0,3043000.0,456000.0,-23157000.0,-0.2668164535084687,7051000.0,0.08124207858048162,-33707000.0,-26656000.0,-0.3071321580827284,5780000.0,-32436000.0,-0.37372969236087106,-0.15,-0.15,209396052.0,209396052.0,https://www.sedar.com/ModifyCompanyDocumentSearchForm.do?lang=EN&company_search=First Majestic Silver Corp&document_selection=0&industry_group=A&FromDate=13&FromMonth=05&FromYear=2000&ToDate=13&ToMonth=11&ToYear=2020&Variable=Issuer,https://www.sedar.com/ModifyCompanyDocumentSearchForm.do?lang=EN&company_search=First Majestic Silver Corp&document_selection=0&industry_group=A&FromDate=13&FromMonth=05&FromYear=2000&ToDate=13&ToMonth=11&ToYear=2020&Variable=Issuer
2019-12-31,FR.TO,USD,,2019-12-31,2019-12-31,2019,Q4,101367000.0,77426000.0,23941000.0,0.23618140025846676,0.0,9137000.0,0.0,14565000.0,0.0,14565000.0,91991000.0,1232000.0,3139000.0,414000.0,-45723000.0,-0.451063955725236,9376000.0,0.09249558534828889,-58652000.0,-49276000.0,-0.4861148105399193,-9330000.0,-39946000.0,-0.39407302179210196,-0.18586531199860487,-0.18586531199860487,214919070.0,214919070.0,https://www.sedar.com/ModifyCompanyDocumentSearchForm.do?lang=EN&company_search=First Majestic Silver Corp&document_selection=0&industry_group=A&FromDate=13&FromMonth=05&FromYear=2000&ToDate=13&ToMonth=11&ToYear=2020&Variable=Issuer,https://www.sedar.com/ModifyCompanyDocumentSearchForm.do?lang=EN&company_search=First Majestic Silver Corp&document_selection=0&industry_group=A&FromDate=13&FromMonth=05&FromYear=2000&ToDate=13&ToMonth=11&ToYear=2020&Variable=Issuer
2019-09-30,FR.TO,USD,,2019-09-30,2019-09-30,2019,Q3,96989000.0,67530000.0,29459000.0,0.3037354751569766,0.0,8705000.0,0.0,11579000.0,0.0,11579000.0,79109000.0,2530000.0,3022000.0,311000.0,19285000.0,0.19883698151336748,17880000.0,0.18435080266834383,-1928000.0,15952000.0,0.16447225974079535,7393000.0,8559000.0,0.08824712080751425,0.042001777324419655,0.04155661132038799,203777091.0,205960008.0,https://www.sedar.com/ModifyCompanyDocumentSearchForm.do?lang=EN&company_search=First Majestic Silver Corp&document_selection=0&industry_group=A&FromDate=13&FromMonth=05&FromYear=2000&ToDate=13&ToMonth=11&ToYear=2020&Variable=Issuer,https://www.sedar.com/ModifyCompanyDocumentSearchForm.do?lang=EN&company_search=First Majestic Silver Corp&document_selection=0&industry_group=A&FromDate=13&FromMonth=05&FromYear=2000&ToDate=13&ToMonth=11&ToYear=2020&Variable=Issuer
2019-06-30,FR.TO,USD,,2019-06-30,2019-06-30,2019,Q2,83669000.0,79857000.0,3812000.0,0.045560482376985505,0.0,7526000.0,0.0,8589000.0,0.0,8589000.0,88446000.0,1181000.0,2951000.0,457000.0,-3844000.0,-0.04594294183030752,-4777000.0,-0.05709402526622764,-2475000.0,-7252000.0,-0.08667487360910253,4715000.0,-11967000.0,-0.14302788368451877,-0.06,-0.06,200965605.0,200965605.0,https://www.sedar.com/ModifyCompanyDocumentSearchForm.do?lang=EN&company_search=First Majestic Silver Corp&document_selection=0&industry_group=A&FromDate=13&FromMonth=05&FromYear=2000&ToDate=13&ToMonth=11&ToYear=2020&Variable=Issuer,https://www.sedar.com/ModifyCompanyDocumentSearchForm.do?lang=EN&company_search=First Majestic Silver Corp&document_selection=0&industry_group=A&FromDate=13&FromMonth=05&FromYear=2000&ToDate=13&ToMonth=11&ToYear=2020&Variable=Issuer
2019-03-31,FR.TO,USD,,2019-03-31,2019-03-31,2019,Q1,88283000.0,78838000.0,9445000.0,0.10698548984515706,0.0,8121000.0,0.0,9179000.0,0.0,9179000.0,88017000.0,1401000.0,2915000.0,454000.0,4921000.0,0.05574119592673561,266000.0,0.0030130376176613844,1286000.0,1552000.0,0.01757982850605439,-1328000.0,2880000.0,0.03262236217618341,0.014706429638782718,0.01463819921849094,195832712.0,196745512.0,https://www.sedar.com/ModifyCompanyDocumentSearchForm.do?lang=EN&company_search=First Majestic Silver Corp&document_selection=0&industry_group=A&FromDate=13&FromMonth=05&FromYear=2000&ToDate=13&ToMonth=11&ToYear=2020&Variable=Issuer,https://www.sedar.com/ModifyCompanyDocumentSearchForm.do?lang=EN&company_search=First Majestic Silver Corp&document_selection=0&industry_group=A&FromDate=13&FromMonth=05&FromYear=2000&ToDate=13&ToMonth=11&ToYear=2020&Variable=Issuer
2018-12-31,FR.TO,USD,,2018-12-31,2018-12-31,2018,Q4,75499000.0,85162000.0,-9663000.0,-0.12798845017814806,0.0,6536000.0,0.0,7279000.0,0.0,7279000.0,92441000.0,1340000.0,2832000.0,349000.0,-185388000.0,-2.455502721890356,-16942000.0,-0.22440032318308853,-171627000.0,-188569000.0,-2.497635730274573,-24126000.0,-164443000.0,-2.178081828898396,-0.76513917541147,-0.76513917541147,214919070.0,214919070.0,https://www.sedar.com/ModifyCompanyDocumentSearchForm.do?lang=EN&company_search=First Majestic Silver Corp&document_selection=0&industry_group=A&FromDate=13&FromMonth=05&FromYear=2000&ToDate=13&ToMonth=11&ToYear=2020&Variable=Issuer,https://www.sedar.com/ModifyCompanyDocumentSearchForm.do?lang=EN&company_search=First Majestic Silver Corp&document_selection=0&industry_group=A&FromDate=13&FromMonth=05&FromYear=2000&ToDate=13&ToMonth=11&ToYear=2020&Variable=Issuer
2018-09-30,FR.TO,USD,,2018-09-30,2018-09-30,2018,Q3,89932000.0,91551000.0,-1619000.0,-0.018002490770804607,0.0,6937000.0,0.0,7500000.0,0.0,7500000.0,99051000.0,522000.0,2825000.0,149000.0,-8148000.0,-0.0906017880176133,-9119000.0,-0.10139883467508784,-2003000.0,-11122000.0,-0.12367121825379175,-17026000.0,5904000.0,0.06564960192145176,0.030500520200733718,0.03033990186727296,193570469.0,194595224.0,https://www.sedar.com/ModifyCompanyDocumentSearchForm.do?lang=EN&company_search=First Majestic Silver Corp&document_selection=0&industry_group=A&FromDate=13&FromMonth=05&FromYear=2000&ToDate=13&ToMonth=11&ToYear=2020&Variable=Issuer,https://www.sedar.com/ModifyCompanyDocumentSearchForm.do?lang=EN&company_search=First Majestic Silver Corp&document_selection=0&industry_group=A&FromDate=13&FromMonth=05&FromYear=2000&ToDate=13&ToMonth=11&ToYear=2020&Variable=Issuer
2018-06-30,FR.TO,USD,,2018-06-30,2018-06-30,2018,Q2,81736000.0,84040000.0,-2304000.0,-0.028188313594988745,0.0,7278000.0,0.0,7806000.0,0.0,7806000.0,91846000.0,1139000.0,3225000.0,170000.0,-45940000.0,-0.5620534403445239,-10110000.0,-0.12369090731134384,-39225000.0,-49335000.0,-0.6035896055593618,-9302000.0,-40033000.0,-0.4897841832240384,-0.22,-0.22,181126340.0,181126340.0,https://www.sedar.com/ModifyCompanyDocumentSearchForm.do?lang=EN&company_search=First Majestic Silver Corp&document_selection=0&industry_group=A&FromDate=13&FromMonth=05&FromYear=2000&ToDate=13&ToMonth=11&ToYear=2020&Variable=Issuer,https://www.sedar.com/ModifyCompanyDocumentSearchForm.do?lang=EN&company_search=First Majestic Silver Corp&document_selection=0&industry_group=A&FromDate=13&FromMonth=05&FromYear=2000&ToDate=13&ToMonth=11&ToYear=2020&Variable=Issuer
2018-03-31,FR.TO,USD,,2018-03-31,2018-03-31,2018,Q1,58593000.0,59016000.0,-423000.0,-0.007219292406942809,0.0,7384000.0,0.0,7384000.0,0.0,7384000.0,66400000.0,0.0,2459000.0,0.0,-11562000.0,-0.1973273257897701,-7807000.0,-0.13324117215367023,-6214000.0,-14021000.0,-0.23929479630672607,-8429000.0,-5592000.0,-0.09543802160667657,-0.03,-0.03,165819786.0,165819786.0,https://www.sedar.com/ModifyCompanyDocumentSearchForm.do?lang=EN&company_search=First Majestic Silver Corp&document_selection=0&industry_group=A&FromDate=13&FromMonth=05&FromYear=2000&ToDate=13&ToMonth=11&ToYear=2020&Variable=Issuer,https://www.sedar.com/ModifyCompanyDocumentSearchForm.do?lang=EN&company_search=First Majestic Silver Corp&document_selection=0&industry_group=A&FromDate=13&FromMonth=05&FromYear=2000&ToDate=13&ToMonth=11&ToYear=2020&Variable=Issuer
2017-12-31,FR.TO,USD,,2017-12-31,2017-12-31,2017,Q4,63609000.0,62207000.0,1402000.0,0.022040906161077834,0.0,5533000.0,0.0,6031000.0,0.0,6031000.0,68238000.0,476000.0,698000.0,269000.0,-68913000.0,-1.0833844267320663,-4629000.0,-0.07277272084139037,-65251000.0,-69880000.0,-1.0985866779858195,-13796000.0,-56084000.0,-0.8816991306261692,-0.26095404190982213,-0.26095404190982213,214919070.0,214919070.0,https://www.sedar.com/ModifyCompanyDocumentSearchForm.do?lang=EN&company_search=First Majestic Silver Corp&document_selection=0&industry_group=A&FromDate=13&FromMonth=05&FromYear=2000&ToDate=13&ToMonth=11&ToYear=2020&Variable=Issuer,https://www.sedar.com/ModifyCompanyDocumentSearchForm.do?lang=EN&company_search=First Majestic Silver Corp&document_selection=0&industry_group=A&FromDate=13&FromMonth=05&FromYear=2000&ToDate=13&ToMonth=11&ToYear=2020&Variable=Issuer
2017-09-30,FR.TO,USD,,2017-09-30,2017-09-30,2017,Q3,63902000.0,60727000.0,3175000.0,0.04968545585427686,0.0,6240000.0,0.0,6753000.0,0.0,6753000.0,67480000.0,220000.0,672000.0,266000.0,-369000.0,-0.005774467152827768,-3578000.0,-0.05599198773121342,2271000.0,-1307000.0,-0.0204531939532409,13000.0,-1320000.0,-0.020656630465400144,-0.01,-0.01,165504932.0,165504932.0,https://www.sedar.com/ModifyCompanyDocumentSearchForm.do?lang=EN&company_search=First Majestic Silver Corp&document_selection=0&industry_group=A&FromDate=13&FromMonth=05&FromYear=2000&ToDate=13&ToMonth=11&ToYear=2020&Variable=Issuer,https://www.sedar.com/ModifyCompanyDocumentSearchForm.do?lang=EN&company_search=First Majestic Silver Corp&document_selection=0&industry_group=A&FromDate=13&FromMonth=05&FromYear=2000&ToDate=13&ToMonth=11&ToYear=2020&Variable=Issuer
2017-06-30,FR.TO,USD,,2017-06-30,2017-06-30,2017,Q2,63336000.0,61931000.0,1405000.0,0.022183276493621323,0.0,6397000.0,0.0,6883000.0,0.0,6883000.0,68814000.0,349000.0,730000.0,249000.0,-5717000.0,-0.09026462043703423,-5478000.0,-0.08649109511178477,-1218000.0,-6696000.0,-0.105721864342554,-8108000.0,1412000.0,0.02229379815586712,0.00855148937753612,0.00843151429662373,165117436.0,167466952.0,https://www.sedar.com/ModifyCompanyDocumentSearchForm.do?lang=EN&company_search=First Majestic Silver Corp&document_selection=0&industry_group=A&FromDate=13&FromMonth=05&FromYear=2000&ToDate=13&ToMonth=11&ToYear=2020&Variable=Issuer,https://www.sedar.com/ModifyCompanyDocumentSearchForm.do?lang=EN&company_search=First Majestic Silver Corp&document_selection=0&industry_group=A&FromDate=13&FromMonth=05&FromYear=2000&ToDate=13&ToMonth=11&ToYear=2020&Variable=Issuer
2017-03-31,FR.TO,USD,,2017-03-31,2017-03-31,2017,Q1,72859000.0,62863000.0,9996000.0,0.13719650283424148,0.0,6586000.0,0.0,7056000.0,0.0,7056000.0,69919000.0,315000.0,715000.0,248000.0,3545000.0,0.0486556225037401,2940000.0,0.04035191259830632,-358000.0,2582000.0,0.03543831235674385,-138000.0,2720000.0,0.03733238172360313,0.01650323879398384,0.01624457158077897,164816133.0,167440550.0,https://www.sedar.com/ModifyCompanyDocumentSearchForm.do?lang=EN&company_search=First Majestic Silver Corp&document_selection=0&industry_group=A&FromDate=13&FromMonth=05&FromYear=2000&ToDate=13&ToMonth=11&ToYear=2020&Variable=Issuer,https://www.sedar.com/ModifyCompanyDocumentSearchForm.do?lang=EN&company_search=First Majestic Silver Corp&document_selection=0&industry_group=A&FromDate=13&FromMonth=05&FromYear=2000&ToDate=13&ToMonth=11&ToYear=2020&Variable=Issuer
2016-12-31,FR.TO,USD,,2016-12-31,2016-12-31,2016,Q4,70672000.0,60729000.0,9943000.0,0.1406922119085352,0.0,5736000.0,0.0,6133000.0,0.0,6133000.0,66862000.0,-222000.0,774000.0,203000.0,2509000.0,0.035502037582069275,3810000.0,0.05391102558297487,-2278000.0,1532000.0,0.021677609237038716,-282000.0,1814000.0,0.02566787412270772,0.008440386420804817,0.008440386420804817,214919070.0,214919070.0,https://www.sedar.com/ModifyCompanyDocumentSearchForm.do?lang=EN&company_search=First Majestic Silver Corp&document_selection=0&industry_group=A&FromDate=13&FromMonth=05&FromYear=2000&ToDate=13&ToMonth=11&ToYear=2020&Variable=Issuer,https://www.sedar.com/ModifyCompanyDocumentSearchForm.do?lang=EN&company_search=First Majestic Silver Corp&document_selection=0&industry_group=A&FromDate=13&FromMonth=05&FromYear=2000&ToDate=13&ToMonth=11&ToYear=2020&Variable=Issuer
2016-09-30,FR.TO,USD,,2016-09-30,2016-09-30,2016,Q3,83979000.0,64029000.0,19950000.0,0.23755938984746186,0.0,5425000.0,0.0,5831000.0,0.0,5831000.0,69860000.0,-116000.0,920000.0,201000.0,14510000.0,0.17278129056073543,14119000.0,0.16812536467450195,-730000.0,13389000.0,0.15943271532168757,5274000.0,8115000.0,0.09663130068231343,0.049532050606020214,0.04813352770855902,163833314.0,168593502.0,https://www.sedar.com/ModifyCompanyDocumentSearchForm.do?lang=EN&company_search=First Majestic Silver Corp&document_selection=0&industry_group=A&FromDate=13&FromMonth=05&FromYear=2000&ToDate=13&ToMonth=11&ToYear=2020&Variable=Issuer,https://www.sedar.com/ModifyCompanyDocumentSearchForm.do?lang=EN&company_search=First Majestic Silver Corp&document_selection=0&industry_group=A&FromDate=13&FromMonth=05&FromYear=2000&ToDate=13&ToMonth=11&ToYear=2020&Variable=Issuer
2016-06-30,FR.TO,USD,,2016-06-30,2016-06-30,2016,Q2,72451000.0,62510000.0,9941000.0,0.1372099763978413,0.0,5397000.0,0.0,5777000.0,0.0,5777000.0,68287000.0,327000.0,865000.0,166000.0,10249000.0,0.14146112545030434,4164000.0,0.05747332680018219,5054000.0,9218000.0,0.12723081807014397,3113000.0,6105000.0,0.08426384728989247,0.03827490459643047,0.037333698553322546,159503990.0,163525186.0,https://www.sedar.com/ModifyCompanyDocumentSearchForm.do?lang=EN&company_search=First Majestic Silver Corp&document_selection=0&industry_group=A&FromDate=13&FromMonth=05&FromYear=2000&ToDate=13&ToMonth=11&ToYear=2020&Variable=Issuer,https://www.sedar.com/ModifyCompanyDocumentSearchForm.do?lang=EN&company_search=First Majestic Silver Corp&document_selection=0&industry_group=A&FromDate=13&FromMonth=05&FromYear=2000&ToDate=13&ToMonth=11&ToYear=2020&Variable=Issuer
2016-03-31,FR.TO,USD,,2016-03-31,2016-03-31,2016,Q1,72989000.0,63620000.0,9369000.0,0.12836180794366275,0.0,4833000.0,0.0,5239000.0,0.0,5239000.0,68859000.0,194000.0,881000.0,189000.0,2422000.0,0.03318308238227678,4130000.0,0.05658386880214827,-2778000.0,1352000.0,0.01852333913329406,8785000.0,-7433000.0,-0.10183726314924167,-0.05,-0.05,155692432.0,155692432.0,https://www.sedar.com/ModifyCompanyDocumentSearchForm.do?lang=EN&company_search=First Majestic Silver Corp&document_selection=0&industry_group=A&FromDate=13&FromMonth=05&FromYear=2000&ToDate=13&ToMonth=11&ToYear=2020&Variable=Issuer,https://www.sedar.com/ModifyCompanyDocumentSearchForm.do?lang=EN&company_search=First Majestic Silver Corp&document_selection=0&industry_group=A&FromDate=13&FromMonth=05&FromYear=2000&ToDate=13&ToMonth=11&ToYear=2020&Variable=Issuer
2015-12-31,FR.TO,USD,,2015-12-31,2015-12-31,2015,Q4,72783000.0,68901000.0,3882000.0,0.05333663080664441,0.0,5099000.0,0.0,5593000.0,0.0,5593000.0,74494000.0,667000.0,1119000.0,225000.0,-114544000.0,-1.573774095599247,-1711000.0,-0.023508236813541625,-114177000.0,-115888000.0,-1.5922399461412693,-12927000.0,-102961000.0,-1.4146297899234712,-0.4790687024655374,-0.4790687024655374,214919070.0,214919070.0,https://www.sedar.com/ModifyCompanyDocumentSearchForm.do?lang=EN&company_search=First Majestic Silver Corp&document_selection=0&industry_group=A&FromDate=13&FromMonth=05&FromYear=2000&ToDate=13&ToMonth=11&ToYear=2020&Variable=Issuer,https://www.sedar.com/ModifyCompanyDocumentSearchForm.do?lang=EN&company_search=First Majestic Silver Corp&document_selection=0&industry_group=A&FromDate=13&FromMonth=05&FromYear=2000&ToDate=13&ToMonth=11&ToYear=2020&Variable=Issuer
2015-09-30,FR.TO,USD,,2015-09-30,2015-09-30,2015,Q3,50908000.0,54496000.0,-3588000.0,-0.07048008171603677,0.0,4696000.0,0.0,5062000.0,0.0,5062000.0,59558000.0,-3000.0,1049000.0,189000.0,-5409000.0,-0.10625049108195175,-8650000.0,-0.16991435530761373,2003000.0,-6647000.0,-0.13056886933291428,-4867000.0,-1780000.0,-0.03496503496503497,-0.01,-0.01,122237619.0,122237619.0,https://www.sedar.com/ModifyCompanyDocumentSearchForm.do?lang=EN&company_search=First Majestic Silver Corp&document_selection=0&industry_group=A&FromDate=13&FromMonth=05&FromYear=2000&ToDate=13&ToMonth=11&ToYear=2020&Variable=Issuer,https://www.sedar.com/ModifyCompanyDocumentSearchForm.do?lang=EN&company_search=First Majestic Silver Corp&document_selection=0&industry_group=A&FromDate=13&FromMonth=05&FromYear=2000&ToDate=13&ToMonth=11&ToYear=2020&Variable=Issuer
2015-06-30,FR.TO,USD,,2015-06-30,2015-06-30,2015,Q2,61217000.0,57776000.0,3441000.0,0.056209876341539115,0.0,5585000.0,0.0,5965000.0,0.0,5965000.0,63741000.0,187000.0,1188000.0,188000.0,-3073000.0,-0.05019847428002026,-2524000.0,-0.0412303771828087,-1925000.0,-4449000.0,-0.07267589068396034,-1871000.0,-2578000.0,-0.04211248509400983,-0.02,-0.02,121097717.0,121097717.0,https://www.sedar.com/ModifyCompanyDocumentSearchForm.do?lang=EN&company_search=First Majestic Silver Corp&document_selection=0&industry_group=A&FromDate=13&FromMonth=05&FromYear=2000&ToDate=13&ToMonth=11&ToYear=2020&Variable=Issuer,https://www.sedar.com/ModifyCompanyDocumentSearchForm.do?lang=EN&company_search=First Majestic Silver Corp&document_selection=0&industry_group=A&FromDate=13&FromMonth=05&FromYear=2000&ToDate=13&ToMonth=11&ToYear=2020&Variable=Issuer
2015-03-31,FR.TO,USD,,2015-03-31,2015-03-31,2015,Q1,62811000.0,57815000.0,4996000.0,0.0795402079253634,0.0,5766000.0,0.0,6145000.0,0.0,6145000.0,63960000.0,2000.0,1328000.0,182000.0,2242000.0,0.03569438474152616,-1149000.0,-0.01829297416057697,1881000.0,732000.0,0.011654009647991594,1837000.0,-1105000.0,-0.01759245991944086,-0.01,-0.01,117594640.0,117594640.0,https://www.sedar.com/ModifyCompanyDocumentSearchForm.do?lang=EN&company_search=First Majestic Silver Corp&document_selection=0&industry_group=A&FromDate=13&FromMonth=05&FromYear=2000&ToDate=13&ToMonth=11&ToYear=2020&Variable=Issuer,https://www.sedar.com/ModifyCompanyDocumentSearchForm.do?lang=EN&company_search=First Majestic Silver Corp&document_selection=0&industry_group=A&FromDate=13&FromMonth=05&FromYear=2000&ToDate=13&ToMonth=11&ToYear=2020&Variable=Issuer
2014-12-31,FR.TO,USD,,2014-12-31,2014-12-31,2014,Q4,80898000.0,75065000.0,5833000.0,0.07210314222848525,0.0,4777000.0,0.0,5144000.0,0.0,5144000.0,80209000.0,26000.0,1568000.0,176000.0,-89488000.0,-1.1061830947613043,689000.0,0.008516897821948626,-91921000.0,-91232000.0,-1.1277411060842049,-26664000.0,-64568000.0,-0.7981408687483004,-0.300429366272616,-0.300429366272616,214919070.0,214919070.0,https://www.sedar.com/ModifyCompanyDocumentSearchForm.do?lang=EN&company_search=First Majestic Silver Corp&document_selection=0&industry_group=A&FromDate=13&FromMonth=05&FromYear=2000&ToDate=13&ToMonth=11&ToYear=2020&Variable=Issuer,https://www.sedar.com/ModifyCompanyDocumentSearchForm.do?lang=EN&company_search=First Majestic Silver Corp&document_selection=0&industry_group=A&FromDate=13&FromMonth=05&FromYear=2000&ToDate=13&ToMonth=11&ToYear=2020&Variable=Issuer
2014-09-30,FR.TO,USD,,2014-09-30,2014-09-30,2014,Q3,47027000.0,48818000.0,-1791000.0,-0.03808450464626704,0.0,6345000.0,0.0,6724000.0,0.0,6724000.0,55542000.0,45000.0,1576000.0,176000.0,-8024000.0,-0.17062538541688818,-8515000.0,-0.1810661960150552,-1261000.0,-9776000.0,-0.20788057924171222,674000.0,-10450000.0,-0.22221277138665022,-0.09,-0.09,117511442.0,117511442.0,https://www.sedar.com/ModifyCompanyDocumentSearchForm.do?lang=EN&company_search=First Majestic Silver Corp&document_selection=0&industry_group=A&FromDate=13&FromMonth=05&FromYear=2000&ToDate=13&ToMonth=11&ToYear=2020&Variable=Issuer,https://www.sedar.com/ModifyCompanyDocumentSearchForm.do?lang=EN&company_search=First Majestic Silver Corp&document_selection=0&industry_group=A&FromDate=13&FromMonth=05&FromYear=2000&ToDate=13&ToMonth=11&ToYear=2020&Variable=Issuer
2014-06-30,FR.TO,USD,,2014-06-30,2014-06-30,2014,Q2,73004000.0,63503000.0,9501000.0,0.13014355377787518,0.0,7440000.0,0.0,7821000.0,0.0,7821000.0,71324000.0,303000.0,1990000.0,176000.0,11841000.0,0.16219659196756342,1680000.0,0.023012437674647966,7995000.0,9675000.0,0.13252698482274944,2085000.0,7590000.0,0.10396690592296312,0.06460121351719877,0.06452857784523588,117490053.0,117622304.0,https://www.sedar.com/ModifyCompanyDocumentSearchForm.do?lang=EN&company_search=First Majestic Silver Corp&document_selection=0&industry_group=A&FromDate=13&FromMonth=05&FromYear=2000&ToDate=13&ToMonth=11&ToYear=2020&Variable=Issuer,https://www.sedar.com/ModifyCompanyDocumentSearchForm.do?lang=EN&company_search=First Majestic Silver Corp&document_selection=0&industry_group=A&FromDate=13&FromMonth=05&FromYear=2000&ToDate=13&ToMonth=11&ToYear=2020&Variable=Issuer
2014-03-31,FR.TO,USD,,2014-03-31,2014-03-31,2014,Q1,71099000.0,54478000.0,16621000.0,0.233772626900519,0.0,7454000.0,0.0,7825000.0,0.0,7825000.0,62303000.0,125000.0,1243000.0,169000.0,11808000.0,0.16607828520794948,8796000.0,0.12371482018031196,1600000.0,10396000.0,0.14621865286431596,4416000.0,5980000.0,0.08410807465646493,0.05101195085464297,0.05090713449017952,117227432.0,117468800.0,https://www.sedar.com/ModifyCompanyDocumentSearchForm.do?lang=EN&company_search=First Majestic Silver Corp&document_selection=0&industry_group=A&FromDate=13&FromMonth=05&FromYear=2000&ToDate=13&ToMonth=11&ToYear=2020&Variable=Issuer,https://www.sedar.com/ModifyCompanyDocumentSearchForm.do?lang=EN&company_search=First Majestic Silver Corp&document_selection=0&industry_group=A&FromDate=13&FromMonth=05&FromYear=2000&ToDate=13&ToMonth=11&ToYear=2020&Variable=Issuer
2013-12-31,FR.TO,USD,,2013-12-31,2013-12-31,2013,Q4,66275000.0,52021000.0,14254000.0,0.21507355714824594,0.0,9371000.0,0.0,9429000.0,0.0,9429000.0,61450000.0,56000.0,941000.0,-77000.0,-29314000.0,-0.4423085628064881,4825000.0,0.07280271595624292,-35003000.0,-30178000.0,-0.4553451527725387,51051000.0,-81229000.0,-1.2256356092040739,-0.3779515703283101,-0.3779515703283101,214919070.0,214919070.0,https://www.sedar.com/ModifyCompanyDocumentSearchForm.do?lang=EN&company_search=First Majestic Silver Corp&document_selection=0&industry_group=A&FromDate=13&FromMonth=05&FromYear=2000&ToDate=13&ToMonth=11&ToYear=2020&Variable=Issuer,https://www.sedar.com/ModifyCompanyDocumentSearchForm.do?lang=EN&company_search=First Majestic Silver Corp&document_selection=0&industry_group=A&FromDate=13&FromMonth=05&FromYear=2000&ToDate=13&ToMonth=11&ToYear=2020&Variable=Issuer
2013-09-30,FR.TO,USD,,2013-09-30,2013-09-30,2013,Q3,83935000.0,54758000.0,29177000.0,0.34761422529338176,0.0,8089000.0,0.0,8478000.0,0.0,8478000.0,63236000.0,190000.0,525000.0,259000.0,22734000.0,0.2708524453446119,20699000.0,0.2466074938940847,1251000.0,21950000.0,0.2615118841961041,5630000.0,16320000.0,0.19443617084648834,0.1396020194492815,0.1390957130300662,116903753.0,117329281.0,https://www.sedar.com/ModifyCompanyDocumentSearchForm.do?lang=EN&company_search=First Majestic Silver Corp&document_selection=0&industry_group=A&FromDate=13&FromMonth=05&FromYear=2000&ToDate=13&ToMonth=11&ToYear=2020&Variable=Issuer,https://www.sedar.com/ModifyCompanyDocumentSearchForm.do?lang=EN&company_search=First Majestic Silver Corp&document_selection=0&industry_group=A&FromDate=13&FromMonth=05&FromYear=2000&ToDate=13&ToMonth=11&ToYear=2020&Variable=Issuer
2013-06-30,FR.TO,USD,,2013-06-30,2013-06-30,2013,Q2,55077000.0,40794000.0,14283000.0,0.25932785010076803,0.0,9653000.0,0.0,10012000.0,0.0,10012000.0,50806000.0,453000.0,480000.0,212000.0,1714000.0,0.031120068268061078,4271000.0,0.07754598108103201,-3249000.0,1022000.0,0.018555840005810047,862000.0,160000.0,0.002905023875664978,0.001368,0.001364,116921685.0,117323403.0,https://www.sedar.com/ModifyCompanyDocumentSearchForm.do?lang=EN&company_search=First Majestic Silver Corp&document_selection=0&industry_group=A&FromDate=13&FromMonth=05&FromYear=2000&ToDate=13&ToMonth=11&ToYear=2020&Variable=Issuer,https://www.sedar.com/ModifyCompanyDocumentSearchForm.do?lang=EN&company_search=First Majestic Silver Corp&document_selection=0&industry_group=A&FromDate=13&FromMonth=05&FromYear=2000&ToDate=13&ToMonth=11&ToYear=2020&Variable=Issuer
2013-03-31,FR.TO,USD,,2013-03-31,2013-03-31,2013,Q1,72076000.0,37472000.0,34604000.0,0.4801043343137799,0.0,11678000.0,0.0,11993000.0,0.0,11993000.0,49465000.0,123000.0,524000.0,188000.0,34111000.0,0.4732643320939009,22611000.0,0.3137105277762362,10788000.0,33399000.0,0.46338587047005936,6882000.0,26517000.0,0.3679033242688273,0.22684418108532037,0.22500527383953023,116895218.0,117850571.0,https://www.sedar.com/ModifyCompanyDocumentSearchForm.do?lang=EN&company_search=First Majestic Silver Corp&document_selection=0&industry_group=A&FromDate=13&FromMonth=05&FromYear=2000&ToDate=13&ToMonth=11&ToYear=2020&Variable=Issuer,https://www.sedar.com/ModifyCompanyDocumentSearchForm.do?lang=EN&company_search=First Majestic Silver Corp&document_selection=0&industry_group=A&FromDate=13&FromMonth=05&FromYear=2000&ToDate=13&ToMonth=11&ToYear=2020&Variable=Issuer
2012-12-31,FR.TO,USD,,2012-12-31,2012-12-31,2012,Q4,88822000.0,66906000.0,21916000.0,0.24674067235594785,0.0,9933000.0,0.0,-7319000.0,0.0,-7319000.0,59587000.0,-75000.0,925000.0,-17389000.0,11529000.0,0.12979892369007678,29235000.0,0.32914142892526627,-1242000.0,27993000.0,0.31515840670104256,5643000.0,22350000.0,0.251626849204026,0.10399263313395131,0.10399263313395131,214919070.0,214919070.0,https://www.sedar.com/ModifyCompanyDocumentSearchForm.do?lang=EN&company_search=First Majestic Silver Corp&document_selection=0&industry_group=A&FromDate=13&FromMonth=05&FromYear=2000&ToDate=13&ToMonth=11&ToYear=2020&Variable=Issuer,https://www.sedar.com/ModifyCompanyDocumentSearchForm.do?lang=EN&company_search=First Majestic Silver Corp&document_selection=0&industry_group=A&FromDate=13&FromMonth=05&FromYear=2000&ToDate=13&ToMonth=11&ToYear=2020&Variable=Issuer
2012-09-30,FR.TO,USD,,2012-09-30,2012-09-30,2012,Q3,63581000.0,20912000.0,42669000.0,0.6710967112816721,0.0,7409000.0,0.0,14555000.0,0.0,14555000.0,35467000.0,413000.0,501000.0,7013000.0,38203000.0,0.6008556015161762,28114000.0,0.4421761217973923,2575000.0,30689000.0,0.48267564209433633,5820000.0,24869000.0,0.39113886223871913,0.22,0.21,115307418.0,117049419.0,https://www.sedar.com/ModifyCompanyDocumentSearchForm.do?lang=EN&company_search=First Majestic Silver Corp&document_selection=0&industry_group=A&FromDate=13&FromMonth=05&FromYear=2000&ToDate=13&ToMonth=11&ToYear=2020&Variable=Issuer,https://www.sedar.com/ModifyCompanyDocumentSearchForm.do?lang=EN&company_search=First Majestic Silver Corp&document_selection=0&industry_group=A&FromDate=13&FromMonth=05&FromYear=2000&ToDate=13&ToMonth=11&ToYear=2020&Variable=Issuer
2012-06-30,FR.TO,USD,,2012-06-30,2012-06-30,2012,Q2,54774000.0,18456000.0,36318000.0,0.6630518129039326,0.0,8281000.0,0.0,13147000.0,0.0,13147000.0,31603000.0,0.0,468000.0,0.0,19544000.0,0.35681162595391974,23171000.0,0.4230291744258225,-4095000.0,19076000.0,0.3482674261510936,3755000.0,15321000.0,0.27971300251944353,0.14481240125729036,0.14232035253311462,105798950.0,107651504.0,https://www.sedar.com/ModifyCompanyDocumentSearchForm.do?lang=EN&company_search=First Majestic Silver Corp&document_selection=0&industry_group=A&FromDate=13&FromMonth=05&FromYear=2000&ToDate=13&ToMonth=11&ToYear=2020&Variable=Issuer,https://www.sedar.com/ModifyCompanyDocumentSearchForm.do?lang=EN&company_search=First Majestic Silver Corp&document_selection=0&industry_group=A&FromDate=13&FromMonth=05&FromYear=2000&ToDate=13&ToMonth=11&ToYear=2020&Variable=Issuer
2012-03-31,FR.TO,USD,,2012-03-31,2012-03-31,2012,Q1,57815000.0,16693000.0,41122000.0,0.7112687018939722,0.0,7242000.0,0.0,12798000.0,0.0,12798000.0,29491000.0,0.0,399000.0,0.0,33630000.0,0.581682954250627,28324000.0,0.4899074634610395,4907000.0,33231000.0,0.5747816310646026,6873000.0,26358000.0,0.45590244746173136,0.25,0.24,105440048.0,109314773.0,https://www.sedar.com/ModifyCompanyDocumentSearchForm.do?lang=EN&company_search=First Majestic Silver Corp&document_selection=0&industry_group=A&FromDate=13&FromMonth=05&FromYear=2000&ToDate=13&ToMonth=11&ToYear=2020&Variable=Issuer,https://www.sedar.com/ModifyCompanyDocumentSearchForm.do?lang=EN&company_search=First Majestic Silver Corp&document_selection=0&industry_group=A&FromDate=13&FromMonth=05&FromYear=2000&ToDate=13&ToMonth=11&ToYear=2020&Variable=Issuer
2011-12-31,FR.TO,USD,,2011-12-31,2011-12-31,2011,Q4,60801000.0,16383000.0,44418000.0,0.7305471949474516,0.0,6748000.0,0.0,12686000.0,0.0,12686000.0,29069000.0,0.0,367000.0,0.0,28727000.0,0.47247578164832815,31732000.0,0.5218993108665976,-3372000.0,28360000.0,0.46643969671551455,7021000.0,21339000.0,0.3509646222923965,0.09928853684319404,0.09928853684319404,214919070.0,214919070.0,https://www.sedar.com/ModifyCompanyDocumentSearchForm.do?lang=EN&company_search=First Majestic Silver Corp&document_selection=0&industry_group=A&FromDate=13&FromMonth=05&FromYear=2000&ToDate=13&ToMonth=11&ToYear=2020&Variable=Issuer,https://www.sedar.com/ModifyCompanyDocumentSearchForm.do?lang=EN&company_search=First Majestic Silver Corp&document_selection=0&industry_group=A&FromDate=13&FromMonth=05&FromYear=2000&ToDate=13&ToMonth=11&ToYear=2020&Variable=Issuer
2011-09-30,FR.TO,USD,,2011-09-30,2011-09-30,2011,Q3,61407000.0,15473000.0,45934000.0,0.748025469409025,0.0,3980000.0,0.0,8221000.0,0.0,8221000.0,23694000.0,0.0,390000.0,0.0,35519000.0,0.5784193984399173,37713000.0,0.6141482241438273,-2584000.0,35129000.0,0.572068330972039,7357000.0,27772000.0,0.4522611428664485,0.27,0.26,104583335.0,107726703.0,https://www.sedar.com/ModifyCompanyDocumentSearchForm.do?lang=EN&company_search=First Majestic Silver Corp&document_selection=0&industry_group=A&FromDate=13&FromMonth=05&FromYear=2000&ToDate=13&ToMonth=11&ToYear=2020&Variable=Issuer,https://www.sedar.com/ModifyCompanyDocumentSearchForm.do?lang=EN&company_search=First Majestic Silver Corp&document_selection=0&industry_group=A&FromDate=13&FromMonth=05&FromYear=2000&ToDate=13&ToMonth=11&ToYear=2020&Variable=Issuer
2011-06-30,FR.TO,USD,,2011-06-30,2011-06-30,2011,Q2,68040000.0,18112000.0,49928000.0,0.733803644914756,0.0,5410000.0,0.0,8648000.0,0.0,8648000.0,26760000.0,0.0,388000.0,0.0,41661000.0,0.6123015873015873,41280000.0,0.6067019400352733,-7000.0,41273000.0,0.6065990593768371,10680000.0,30593000.0,0.44963256907701354,0.3,0.29,103396753.0,107279976.0,https://www.sedar.com/ModifyCompanyDocumentSearchForm.do?lang=EN&company_search=First Majestic Silver Corp&document_selection=0&industry_group=A&FromDate=13&FromMonth=05&FromYear=2000&ToDate=13&ToMonth=11&ToYear=2020&Variable=Issuer,https://www.sedar.com/ModifyCompanyDocumentSearchForm.do?lang=EN&company_search=First Majestic Silver Corp&document_selection=0&industry_group=A&FromDate=13&FromMonth=05&FromYear=2000&ToDate=13&ToMonth=11&ToYear=2020&Variable=Issuer
2011-03-31,FR.TO,USD,,2011-03-31,2011-03-31,2011,Q1,55266000.0,16819000.0,38447000.0,0.6956718416386205,0.0,5898000.0,0.0,44672000.0,0.0,44672000.0,61491000.0,0.0,118000.0,0.0,32893000.0,0.5951760576122752,-6225000.0,-0.1126370643795462,39000000.0,32775000.0,0.5930409293236348,8905000.0,23870000.0,0.4319111207614085,0.24,0.23,99872077.0,105817560.0,https://www.sedar.com/ModifyCompanyDocumentSearchForm.do?lang=EN&company_search=First Majestic Silver Corp&document_selection=0&industry_group=A&FromDate=13&FromMonth=05&FromYear=2000&ToDate=13&ToMonth=11&ToYear=2020&Variable=Issuer,https://www.sedar.com/ModifyCompanyDocumentSearchForm.do?lang=EN&company_search=First Majestic Silver Corp&document_selection=0&industry_group=A&FromDate=13&FromMonth=05&FromYear=2000&ToDate=13&ToMonth=11&ToYear=2020&Variable=Issuer
2010-12-31,FR.TO,USD,,2010-12-31,2010-12-31,2010,Q4,42585095.713587,24086856.735487,18498238.9781,0.434382937695219,0.0,6764875.219965,0.0,228595.902268,0.0,228595.902268,24315452.637754,0.0,277683.792032,0.0,19889014.791826,0.46704168344701646,18269643.075832,0.4290149586303025,1341687.9239620008,19611330.999794,0.46052100320950784,5010207.030647,14601123.969147,0.34286934723240353,0.06793777755108935,0.06793777755108935,214919070.0,214919070.0,https://www.sedar.com/ModifyCompanyDocumentSearchForm.do?lang=EN&company_search=First Majestic Silver Corp&document_selection=0&industry_group=A&FromDate=13&FromMonth=05&FromYear=2000&ToDate=13&ToMonth=11&ToYear=2020&Variable=Issuer,https://www.sedar.com/ModifyCompanyDocumentSearchForm.do?lang=EN&company_search=First Majestic Silver Corp&document_selection=0&industry_group=A&FromDate=13&FromMonth=05&FromYear=2000&ToDate=13&ToMonth=11&ToYear=2020&Variable=Issuer
2010-09-30,FR.TO,USD,,2010-09-30,2010-09-30,2010,Q3,32434158.751696,13779582.283388,18654576.468308,0.5751521601383462,0.0,3007796.084513,0.0,5312689.474704,0.0,5312689.474704,19092271.758093,0.0,378399.883698,0.0,13756131.033146,0.42412479813205217,13341886.993603,0.411352953401492,35844.15584499948,13377731.149448,0.4124580893823389,3415750.145377,9961981.004071,0.3071447322045953,0.10695774680022116,0.10270494117353474,93139406.0,96996122.0,https://www.sedar.com/ModifyCompanyDocumentSearchForm.do?lang=EN&company_search=First Majestic Silver Corp&document_selection=0&industry_group=A&FromDate=13&FromMonth=05&FromYear=2000&ToDate=13&ToMonth=11&ToYear=2020&Variable=Issuer,https://www.sedar.com/ModifyCompanyDocumentSearchForm.do?lang=EN&company_search=First Majestic Silver Corp&document_selection=0&industry_group=A&FromDate=13&FromMonth=05&FromYear=2000&ToDate=13&ToMonth=11&ToYear=2020&Variable=Issuer
2010-06-30,FR.TO,USD,,2010-06-30,2010-06-30,2010,Q2,27476790.627075,12745230.054075,14731560.573,0.536145606411684,0.0,2894228.251589,0.0,5241475.192107,0.0,5241475.192107,17986705.246182,0.0,648145.337255,0.0,10418988.710748998,0.3791923464482917,9490085.380894,0.3453855113465357,280757.99259999953,9770843.373494,0.35560351665911205,1339844.417038,8430998.956456,0.30684074682828083,0.094868,0.085381,92804715.0,95076336.0,https://www.sedar.com/ModifyCompanyDocumentSearchForm.do?lang=EN&company_search=First Majestic Silver Corp&document_selection=0&industry_group=A&FromDate=13&FromMonth=05&FromYear=2000&ToDate=13&ToMonth=11&ToYear=2020&Variable=Issuer,https://www.sedar.com/ModifyCompanyDocumentSearchForm.do?lang=EN&company_search=First Majestic Silver Corp&document_selection=0&industry_group=A&FromDate=13&FromMonth=05&FromYear=2000&ToDate=13&ToMonth=11&ToYear=2020&Variable=Issuer
2010-03-31,FR.TO,USD,,2010-03-31,2010-03-31,2010,Q1,17870918.187169,8803077.300373,9067840.886796001,0.5074076660093799,0.0,2635670.001962,0.0,4491380.223661,0.0,4491380.223661,13294457.524034,0.0,551735.33451,782220.914263,5416437.119873,0.3030866720525812,4576460.663135,0.2560842490130595,-493979.7920339997,4082480.871101,0.22844270385794435,1124078.869923,2958402.001177,0.16554280928335732,0.03190993725271676,0.03144192325702777,92710994.0,94091000.0,https://www.sedar.com/ModifyCompanyDocumentSearchForm.do?lang=EN&company_search=First Majestic Silver Corp&document_selection=0&industry_group=A&FromDate=13&FromMonth=05&FromYear=2000&ToDate=13&ToMonth=11&ToYear=2020&Variable=Issuer,https://www.sedar.com/ModifyCompanyDocumentSearchForm.do?lang=EN&company_search=First Majestic Silver Corp&document_selection=0&industry_group=A&FromDate=13&FromMonth=05&FromYear=2000&ToDate=13&ToMonth=11&ToYear=2020&Variable=Issuer
2009-12-31,FR.TO,USD,,2009-12-31,2009-12-31,2009,Q4,18348857.496453,14628986.073641,3719871.422811998,0.20273041106407214,0.0,371737.287162,0.0,1363185.051168,0.0,1363185.051168,15992171.12481,0.0,976183.476741,924417.206296,3491328.0265240003,0.19027495456863763,2356686.371643,0.12843777178489554,-765959.0281549997,1590727.343488,0.08669353630303697,-864005.686815,2454733.030302,0.13378124664037108,0.01142166225780709,0.01142166225780709,214919070.0,214919070.0,https://www.sedar.com/ModifyCompanyDocumentSearchForm.do?lang=EN&company_search=First Majestic Silver Corp&document_selection=0&industry_group=A&FromDate=13&FromMonth=05&FromYear=2000&ToDate=13&ToMonth=11&ToYear=2020&Variable=Issuer,https://www.sedar.com/ModifyCompanyDocumentSearchForm.do?lang=EN&company_search=First Majestic Silver Corp&document_selection=0&industry_group=A&FromDate=13&FromMonth=05&FromYear=2000&ToDate=13&ToMonth=11&ToYear=2020&Variable=Issuer
2009-09-30,FR.TO,USD,,2009-09-30,2009-09-30,2009,Q3,12840118.813734,7535210.964543,5304907.849191001,0.4131509938612706,0.0,2086522.59332,0.0,3509217.887548,0.0,3509217.887548,11044428.852091,0.0,315471.980541,869516.23494,2326623.541517,0.1811995336856545,1795689.961643,0.13984994903024578,-654054.635607,1141635.326036,0.08891158583477345,-581278.884835,1722914.210871,0.13418210811477405,0.020426450970834092,0.016645952816383293,84347213.0,103503490.0,https://www.sedar.com/ModifyCompanyDocumentSearchForm.do?lang=EN&company_search=First Majestic Silver Corp&document_selection=0&industry_group=A&FromDate=13&FromMonth=05&FromYear=2000&ToDate=13&ToMonth=11&ToYear=2020&Variable=Issuer,https://www.sedar.com/ModifyCompanyDocumentSearchForm.do?lang=EN&company_search=First Majestic Silver Corp&document_selection=0&industry_group=A&FromDate=13&FromMonth=05&FromYear=2000&ToDate=13&ToMonth=11&ToYear=2020&Variable=Issuer
2009-06-30,FR.TO,USD,,2009-06-30,2009-06-30,2009,Q2,11219154.141005,8148385.374047,3070768.766958,0.27370769029142905,0.0,2510978.078298,0.0,4138640.768336,0.0,4138640.768336,12287026.142383,0.0,348649.812653,872354.706783,720224.9854340001,0.06419601481377661,-1067872.001378,-0.09518293339736049,567092.467376,-500779.534002,-0.04463612209156623,-1393510.487101,892730.953099,0.07957203741734402,0.010841792760821513,0.008978787252794959,82341636.0,99426674.0,https://www.sedar.com/ModifyCompanyDocumentSearchForm.do?lang=EN&company_search=First Majestic Silver Corp&document_selection=0&industry_group=A&FromDate=13&FromMonth=05&FromYear=2000&ToDate=13&ToMonth=11&ToYear=2020&Variable=Issuer,https://www.sedar.com/ModifyCompanyDocumentSearchForm.do?lang=EN&company_search=First Majestic Silver Corp&document_selection=0&industry_group=A&FromDate=13&FromMonth=05&FromYear=2000&ToDate=13&ToMonth=11&ToYear=2020&Variable=Issuer
2009-03-31,FR.TO,USD,,2009-03-31,2009-03-31,2009,Q1,11393737.229746,6572276.075077,4821461.154669001,0.42316766285266394,0.0,2149951.690821,0.0,3373655.65851,0.0,3373655.65851,9945931.733587,0.0,285266.492437,680159.182704,1602881.127742,0.14068089296963124,1447805.496159,0.1270702901923319,-810350.0435570001,637455.452602,0.05594788081804926,-106741.902273,744197.354874,0.06531635229668978,0.00974079606191383,0.008055165533688057,76400055.0,92387593.0,https://www.sedar.com/ModifyCompanyDocumentSearchForm.do?lang=EN&company_search=First Majestic Silver Corp&document_selection=0&industry_group=A&FromDate=13&FromMonth=05&FromYear=2000&ToDate=13&ToMonth=11&ToYear=2020&Variable=Issuer,https://www.sedar.com/ModifyCompanyDocumentSearchForm.do?lang=EN&company_search=First Majestic Silver Corp&document_selection=0&industry_group=A&FromDate=13&FromMonth=05&FromYear=2000&ToDate=13&ToMonth=11&ToYear=2020&Variable=Issuer
2008-12-31,FR.TO,USD,,2008-12-31,2008-12-31,2008,Q4,3152701.319909,9357520.257061,-6204818.937152001,-1.9680960254525786,0.0,1132792.538043,0.0,-2956014.37675,0.0,-2956014.37675,6401505.880311,0.0,0.0,-1484677.087349,-8224272.949607001,-2.6086432284820393,-3248804.560402,-1.0304828243278605,-3490791.3018560004,-6739595.862258,-2.137721013943856,-2139859.542556,-4599736.319702,-1.4589825844443671,-0.02140217859542199,-0.02140217859542199,214919070.0,214919070.0,https://www.sedar.com/ModifyCompanyDocumentSearchForm.do?lang=EN&company_search=First Majestic Silver Corp&document_selection=0&industry_group=A&FromDate=13&FromMonth=05&FromYear=2000&ToDate=13&ToMonth=11&ToYear=2020&Variable=Issuer,https://www.sedar.com/ModifyCompanyDocumentSearchForm.do?lang=EN&company_search=First Majestic Silver Corp&document_selection=0&industry_group=A&FromDate=13&FromMonth=05&FromYear=2000&ToDate=13&ToMonth=11&ToYear=2020&Variable=Issuer
2008-09-30,FR.TO,USD,,2008-09-30,2008-09-30,2008,Q3,10218412.053656,0.0,10218412.053656,1.0,0.0,2415861.515209,0.0,10971099.565464,0.0,10971099.565464,10971099.565464,0.0,0.0,833788.247078,213367.880556,0.020880727791717894,-752687.511808,-0.07365992953266151,132267.14528599998,-620420.366522,-0.060715927608343274,-266892.12167,-353528.244852,-0.03459718036380346,-0.004787790585201115,-0.0038717457494201767,73839538.0,91309778.0,https://www.sedar.com/ModifyCompanyDocumentSearchForm.do?lang=EN&company_search=First Majestic Silver Corp&document_selection=0&industry_group=A&FromDate=13&FromMonth=05&FromYear=2000&ToDate=13&ToMonth=11&ToYear=2020&Variable=Issuer,https://www.sedar.com/ModifyCompanyDocumentSearchForm.do?lang=EN&company_search=First Majestic Silver Corp&document_selection=0&industry_group=A&FromDate=13&FromMonth=05&FromYear=2000&ToDate=13&ToMonth=11&ToYear=2020&Variable=Issuer
2008-06-30,FR.TO,USD,,2008-06-30,2008-06-30,2008,Q2,11236872.666536,7496320.495186,3740552.1713499995,0.3328819576722233,0.0,2722480.84103,0.0,4271012.969149,0.0,4271012.969149,11767333.464335,0.0,0.0,1595997.002505,1959291.36289,0.17436269156318493,-530460.797799,-0.04720715572213791,893755.158184,363294.360385,0.03233055772420647,655056.985655,-291762.62527,-0.025964753177179316,-0.003954365617360561,-0.003954365617360561,73782410.0,73782410.0,https://www.sedar.com/ModifyCompanyDocumentSearchForm.do?lang=EN&company_search=First Majestic Silver Corp&document_selection=0&industry_group=A&FromDate=13&FromMonth=05&FromYear=2000&ToDate=13&ToMonth=11&ToYear=2020&Variable=Issuer,https://www.sedar.com/ModifyCompanyDocumentSearchForm.do?lang=EN&company_search=First Majestic Silver Corp&document_selection=0&industry_group=A&FromDate=13&FromMonth=05&FromYear=2000&ToDate=13&ToMonth=11&ToYear=2020&Variable=Issuer
2008-03-31,FR.TO,USD,,2008-03-31,2008-03-31,2008,Q1,12595144.272807,6331541.824541,6263602.4482660005,0.4973029536302462,0.0,3147863.596619,0.0,4773765.665987,0.0,4773765.665987,11105307.490528,0.0,0.0,1659021.665209,2899445.254056,0.23020341738489822,1489836.782279,0.11828659918533584,-249413.193432,1240423.588847,0.09848426996783853,205426.017682,1034997.571165,0.0821743323257969,0.019431,0.019431,64057083.0,64057083.0,https://www.sedar.com/ModifyCompanyDocumentSearchForm.do?lang=EN&company_search=First Majestic Silver Corp&document_selection=0&industry_group=A&FromDate=13&FromMonth=05&FromYear=2000&ToDate=13&ToMonth=11&ToYear=2020&Variable=Issuer,https://www.sedar.com/ModifyCompanyDocumentSearchForm.do?lang=EN&company_search=First Majestic Silver Corp&document_selection=0&industry_group=A&FromDate=13&FromMonth=05&FromYear=2000&ToDate=13&ToMonth=11&ToYear=2020&Variable=Issuer
2007-12-31,FR.TO,USD,,2007-12-31,2007-12-31,2007,Q4,11824979.276012,6449798.701921,5375180.574091,0.4545615217267248,0.0,0.0,0.0,3629463.980913,2104801.806369,5734265.787282,12184064.489204,0.0,212215.434924,652339.32359,321489.86252400005,0.027187351032079206,-359085.213192,-0.030366667442744327,-183979.682798,-543064.89599,-0.04592523025318568,777326.273251,-1320391.169241,-0.11166118252059253,-0.022441320063581897,-0.022441320063581897,58837500.0,58837500.0,,
2007-09-30,FR.TO,USD,,2007-09-30,2007-09-30,2007,Q3,10363092.264303,6190993.150685,4172099.1136180004,0.40259210351618024,0.0,0.0,0.0,2467589.645447,2671930.9024980003,5139520.547945,11330513.69863,0.0,214337.228042,731288.275584,-1105118.855761,-0.10663987423596753,-967421.434327,-0.09335258334613185,-1083322.925061,-2050744.359388,-0.19788923104082087,34350.322321,-2085094.681708,-0.20120390984941586,-0.04029,-0.04029,58837500.0,58837500.0,,
2007-06-30,FR.TO,USD,,2007-06-30,2007-06-30,2007,Q2,10189144.199155,7653053.076562,2536091.1225929987,0.24890128876606932,0.0,0.0,0.0,2453945.514326,1981337.7172380001,4435283.231564,12088336.308126,0.0,322350.399248,496312.822922,-653716.2987319999,-0.0641581163201335,-1899192.108971,-0.18639368251638866,426812.58806900005,-1472379.520902,-0.14450472896674743,-319329.262565,-1153050.258337,-0.11316458338401218,-0.018788,-0.018788,53646178.0,53646178.0,,
2007-03-31,FR.TO,USD,,2007-03-31,2007-03-31,2007,Q1,8806016.816921,5879759.882108,2926256.9348129993,0.3323019925637795,0.0,2267050.970874,114578.710125,2381629.680999,1769477.2884879997,4151106.969487,10030866.851595,99247.572816,352170.596394,437365.638003,-1065234.0499299997,-0.12096661544901025,-1224850.034674,-0.13909240240382206,-629920.2496529999,-1854770.284327,-0.2106253397975585,799441.747573,-2654212.0319,-0.3014089215455346,-0.052011,-0.052011,52349439.0,52349439.0,,
2006-09-30,FR.TO,USD,,2006-09-30,2006-09-30,2007,Q3,4134588.035107,2863335.124485,1271252.9106219998,0.3074678540710044,0.0,0.0,0.0,1167197.743149,3521865.484506,4689063.227655,7552398.35214,0.0,0.0,3521413.2187,-1918184.6677409997,-0.4639361047469772,-3417810.317034,-0.8266386609773928,-2021787.5694069997,-5439597.886441,-1.3156323774589136,-791885.187175,-4647712.699266,-1.1241053908641034,-0.116425,-0.116425,40606369.0,40606369.0,,
2006-06-30,FR.TO,USD,,2006-06-30,2006-06-30,2006,Q2,2503213.270915,2002096.545202,501116.7257129997,0.20018938519362614,0.0,2425972.332274,0.0,3741184.149444,0.0,3741184.149444,5743280.694646,0.0,0.0,1315088.716723,-1655699.831668,-0.6614297914227627,-3240067.42373,-1.2943633134965196,-425769.897102,0.0,0.0,0.0,-2970788.548391,-1.1867900282044634,-0.013822824323551185,-0.013822824323551185,214919070.0,214919070.0,https://www.sedar.com/ModifyCompanyDocumentSearchForm.do?lang=EN&company_search=First Majestic Silver Corp&document_selection=0&industry_group=A&FromDate=13&FromMonth=05&FromYear=2000&ToDate=13&ToMonth=11&ToYear=2020&Variable=Issuer,https://www.sedar.com/ModifyCompanyDocumentSearchForm.do?lang=EN&company_search=First Majestic Silver Corp&document_selection=0&industry_group=A&FromDate=13&FromMonth=05&FromYear=2000&ToDate=13&ToMonth=11&ToYear=2020&Variable=Issuer
2006-03-31,FR.TO,USD,,2006-03-31,2006-03-31,2006,Q1,575943.558072,512050.952136,63892.605936000065,0.11093553359618044,0.0,713141.190599,0.0,920378.281009,0.0,920378.281009,1432429.233145,0.0,0.0,201203.857614,-611033.232796,-1.0609255442346892,-856485.675073,-1.4871000171269018,-38522.902728,0.0,0.0,0.0,-812237.09041,-1.4102720293096156,-0.025733,-0.025733,30622078.0,30622078.0,https://www.sedar.com/ModifyCompanyDocumentSearchForm.do?lang=EN&company_search=First Majestic Silver Corp&document_selection=0&industry_group=A&FromDate=13&FromMonth=05&FromYear=2000&ToDate=13&ToMonth=11&ToYear=2020&Variable=Issuer,https://www.sedar.com/ModifyCompanyDocumentSearchForm.do?lang=EN&company_search=First Majestic Silver Corp&document_selection=0&industry_group=A&FromDate=13&FromMonth=05&FromYear=2000&ToDate=13&ToMonth=11&ToYear=2020&Variable=Issuer
2005-12-31,FR.TO,USD,,2005-12-31,2005-12-31,2006,Q4,417295.505424,491595.488204,-74299.98278000002,-0.17805124142064818,0.0,535973.824694,0.0,692042.362666,0.0,692042.362666,1183637.85087,0.0,0.0,156198.003482,-557693.8511760001,-1.3364482577145087,-766342.345445,-1.8364500347693542,22420.354744,0.0,0.0,0.0,-713891.854658,-1.7107585521023967,-0.025831,-0.025831,27858388.0,27858388.0,https://www.sedar.com/ModifyCompanyDocumentSearchForm.do?lang=EN&company_search=First Majestic Silver Corp&document_selection=0&industry_group=A&FromDate=13&FromMonth=05&FromYear=2000&ToDate=13&ToMonth=11&ToYear=2020&Variable=Issuer,https://www.sedar.com/ModifyCompanyDocumentSearchForm.do?lang=EN&company_search=First Majestic Silver Corp&document_selection=0&industry_group=A&FromDate=13&FromMonth=05&FromYear=2000&ToDate=13&ToMonth=11&ToYear=2020&Variable=Issuer
2005-09-30,FR.TO,USD,,2005-09-30,2005-09-30,2006,Q3,238752.849095,397441.190384,-158688.341289,-0.6646552780019716,0.0,348776.501957,0.0,470325.549391,0.0,470325.549391,867766.739776,0.0,0.0,120288.994968,-472248.742098,-1.9779815984943148,-629013.890681,-2.6345817152142743,22084.032168,0.0,0.0,0.0,-592537.737066,-2.481803837365847,-0.025803,-0.025803,23459445.0,23459445.0,https://www.sedar.com/ModifyCompanyDocumentSearchForm.do?lang=EN&company_search=First Majestic Silver Corp&document_selection=0&industry_group=A&FromDate=13&FromMonth=05&FromYear=2000&ToDate=13&ToMonth=11&ToYear=2020&Variable=Issuer,https://www.sedar.com/ModifyCompanyDocumentSearchForm.do?lang=EN&company_search=First Majestic Silver Corp&document_selection=0&industry_group=A&FromDate=13&FromMonth=05&FromYear=2000&ToDate=13&ToMonth=11&ToYear=2020&Variable=Issuer
2005-06-30,FR.TO,USD,,2005-06-30,2005-06-30,2005,Q2,157950.612013,321075.532086,-163124.92007300002,-1.0327590250778778,0.0,534028.045051,0.0,673532.755733,0.0,673532.755733,994608.287819,0.0,0.0,138115.379629,-632580.5984680001,-4.004926542582412,-836657.675807,-5.296957480216282,52387.298847,0.0,0.0,0.0,-770695.978097,-4.879347843448485,-0.0035859822867137852,-0.0035859822867137852,214919070.0,214919070.0,https://www.sedar.com/ModifyCompanyDocumentSearchForm.do?lang=EN&company_search=First Majestic Silver Corp&document_selection=0&industry_group=A&FromDate=13&FromMonth=05&FromYear=2000&ToDate=13&ToMonth=11&ToYear=2020&Variable=Issuer,https://www.sedar.com/ModifyCompanyDocumentSearchForm.do?lang=EN&company_search=First Majestic Silver Corp&document_selection=0&industry_group=A&FromDate=13&FromMonth=05&FromYear=2000&ToDate=13&ToMonth=11&ToYear=2020&Variable=Issuer
2005-03-31,FR.TO,USD,,2005-03-31,2005-03-31,2005,Q1,224444.077044,344506.075887,-120061.99884300001,-0.5349305734606802,0.0,443241.299496,0.0,515357.52666,0.0,515357.52666,859863.602546,0.0,0.0,69878.365808,-550377.069424,-2.4521790758421487,-635419.525502,-2.8310817281109735,-9132.016202,0.0,0.0,0.0,-620255.435232,-2.7635188390843797,-0.0248,-0.0248,22406456.0,22406456.0,https://www.sedar.com/ModifyCompanyDocumentSearchForm.do?lang=EN&company_search=First Majestic Silver Corp&document_selection=0&industry_group=A&FromDate=13&FromMonth=05&FromYear=2000&ToDate=13&ToMonth=11&ToYear=2020&Variable=Issuer,https://www.sedar.com/ModifyCompanyDocumentSearchForm.do?lang=EN&company_search=First Majestic Silver Corp&document_selection=0&industry_group=A&FromDate=13&FromMonth=05&FromYear=2000&ToDate=13&ToMonth=11&ToYear=2020&Variable=Issuer
2004-12-31,FR.TO,USD,,2004-12-31,2004-12-31,2005,Q4,365990.650007,349243.01662,16747.63338700001,0.04575973016436264,0.0,536322.724475,0.0,575353.952119,0.0,575353.952119,924596.968739,0.0,0.0,35003.965043,-1337088.3037440001,-3.653340061333334,-558606.318732,-1.5262857636426392,-844069.742293,0.0,0.0,0.0,-1372092.268787,-3.748981753388392,-0.066548,-0.066548,21818131.0,21818131.0,https://www.sedar.com/ModifyCompanyDocumentSearchForm.do?lang=EN&company_search=First Majestic Silver Corp&document_selection=0&industry_group=A&FromDate=13&FromMonth=05&FromYear=2000&ToDate=13&ToMonth=11&ToYear=2020&Variable=Issuer,https://www.sedar.com/ModifyCompanyDocumentSearchForm.do?lang=EN&company_search=First Majestic Silver Corp&document_selection=0&industry_group=A&FromDate=13&FromMonth=05&FromYear=2000&ToDate=13&ToMonth=11&ToYear=2020&Variable=Issuer
2004-09-30,FR.TO,USD,,2004-09-30,2004-09-30,2005,Q3,0.0,0.0,0.0,0.0,0.0,325405.371118,0.0,326398.877251,0.0,326398.877251,326398.877251,0.0,0.0,993.506133,-325405.371118,0.0,-326398.877251,0.0,29366.709219,0.0,0.0,0.0,-261273.083358,0.0,-0.01198,-0.01198,21818131.0,21818131.0,https://www.sedar.com/ModifyCompanyDocumentSearchForm.do?lang=EN&company_search=First Majestic Silver Corp&document_selection=0&industry_group=A&FromDate=13&FromMonth=05&FromYear=2000&ToDate=13&ToMonth=11&ToYear=2020&Variable=Issuer,https://www.sedar.com/ModifyCompanyDocumentSearchForm.do?lang=EN&company_search=First Majestic Silver Corp&document_selection=0&industry_group=A&FromDate=13&FromMonth=05&FromYear=2000&ToDate=13&ToMonth=11&ToYear=2020&Variable=Issuer
2004-06-30,FR.TO,USD,,2004-06-30,2004-06-30,2004,Q2,0.0,0.0,0.0,0.0,0.0,700232.376905,0.0,700950.02307,0.0,700950.02307,700950.02307,0.0,0.0,717.646165,-700232.376905,0.0,-700950.02307,0.0,-44273.503001,0.0,0.0,0.0,-722140.074195,0.0,-0.0033600558302946315,-0.0033600558302946315,214919070.0,214919070.0,https://www.sedar.com/ModifyCompanyDocumentSearchForm.do?lang=EN&company_search=First Majestic Silver Corp&document_selection=0&industry_group=A&FromDate=13&FromMonth=05&FromYear=2000&ToDate=13&ToMonth=11&ToYear=2020&Variable=Issuer,https://www.sedar.com/ModifyCompanyDocumentSearchForm.do?lang=EN&company_search=First Majestic Silver Corp&document_selection=0&industry_group=A&FromDate=13&FromMonth=05&FromYear=2000&ToDate=13&ToMonth=11&ToYear=2020&Variable=Issuer
2004-03-31,FR.TO,USD,,2004-03-31,2004-03-31,2004,Q1,0.0,0.0,0.0,0.0,0.0,434686.78025,0.0,434835.496713,0.0,434835.496713,434835.496713,0.0,0.0,0.0,-434261.222373,0.0,-434835.496713,0.0,-425.557877,0.0,0.0,0.0,-434580.009457,0.0,-0.038132,-0.038132,10588485.0,10588485.0,https://www.sedar.com/ModifyCompanyDocumentSearchForm.do?lang=EN&company_search=First Majestic Silver Corp&document_selection=0&industry_group=A&FromDate=13&FromMonth=05&FromYear=2000&ToDate=13&ToMonth=11&ToYear=2020&Variable=Issuer,https://www.sedar.com/ModifyCompanyDocumentSearchForm.do?lang=EN&company_search=First Majestic Silver Corp&document_selection=0&industry_group=A&FromDate=13&FromMonth=05&FromYear=2000&ToDate=13&ToMonth=11&ToYear=2020&Variable=Issuer
2003-12-31,FR.TO,USD,,2003-12-31,2003-12-31,2004,Q4,0.0,0.0,0.0,0.0,0.0,66912.405438,0.0,66912.405438,0.0,66912.405438,66912.405438,0.0,0.0,0.0,-66912.405438,0.0,-66912.405438,0.0,0.0,0.0,0.0,0.0,-66912.405438,0.0,-0.007711,-0.007711,8944236.0,8944236.0,https://www.sedar.com/ModifyCompanyDocumentSearchForm.do?lang=EN&company_search=First Majestic Silver Corp&document_selection=0&industry_group=A&FromDate=13&FromMonth=05&FromYear=2000&ToDate=13&ToMonth=11&ToYear=2020&Variable=Issuer,https://www.sedar.com/ModifyCompanyDocumentSearchForm.do?lang=EN&company_search=First Majestic Silver Corp&document_selection=0&industry_group=A&FromDate=13&FromMonth=05&FromYear=2000&ToDate=13&ToMonth=11&ToYear=2020&Variable=Issuer
2003-09-30,FR.TO,USD,,2003-09-30,2003-09-30,2004,Q3,0.0,0.0,0.0,0.0,0.0,20294.785419,0.0,20294.785419,0.0,20294.785419,20294.785419,0.0,0.0,0.0,-20294.785419,0.0,-20294.785419,0.0,0.0,0.0,0.0,0.0,-20294.785419,0.0,-0.003491,-0.003491,5812846.0,5812846.0,https://www.sedar.com/ModifyCompanyDocumentSearchForm.do?lang=EN&company_search=First Majestic Silver Corp&document_selection=0&industry_group=A&FromDate=13&FromMonth=05&FromYear=2000&ToDate=13&ToMonth=11&ToYear=2020&Variable=Issuer,https://www.sedar.com/ModifyCompanyDocumentSearchForm.do?lang=EN&company_search=First Majestic Silver Corp&document_selection=0&industry_group=A&FromDate=13&FromMonth=05&FromYear=2000&ToDate=13&ToMonth=11&ToYear=2020&Variable=Issuer
2003-06-30,FR.TO,USD,,2003-06-30,2003-06-30,2003,Q2,0.0,0.0,0.0,0.0,0.0,53373.415536,0.0,53373.415536,0.0,53373.415536,53373.415536,0.0,0.0,0.0,-53373.415536,0.0,-53373.415536,0.0,0.0,0.0,0.0,0.0,-358879.807613,0.0,-0.001669836965202762,-0.001669836965202762,214919070.0,214919070.0,https://www.sedar.com/ModifyCompanyDocumentSearchForm.do?lang=EN&company_search=First Majestic Silver Corp&document_selection=0&industry_group=A&FromDate=13&FromMonth=05&FromYear=2000&ToDate=13&ToMonth=11&ToYear=2020&Variable=Issuer,https://www.sedar.com/ModifyCompanyDocumentSearchForm.do?lang=EN&company_search=First Majestic Silver Corp&document_selection=0&industry_group=A&FromDate=13&FromMonth=05&FromYear=2000&ToDate=13&ToMonth=11&ToYear=2020&Variable=Issuer
2003-03-31,FR.TO,USD,,2003-03-31,2003-03-31,2003,Q1,0.0,0.0,0.0,0.0,0.0,9378.108436,0.0,9378.108436,0.0,9378.108436,9378.108436,0.0,0.0,0.0,-9378.108436,0.0,-9378.108436,0.0,0.0,0.0,0.0,0.0,-9378.108436,0.0,-0.001622,-0.001622,5781735.0,5781735.0,https://www.sedar.com/ModifyCompanyDocumentSearchForm.do?lang=EN&company_search=First Majestic Silver Corp&document_selection=0&industry_group=A&FromDate=13&FromMonth=05&FromYear=2000&ToDate=13&ToMonth=11&ToYear=2020&Variable=Issuer,https://www.sedar.com/ModifyCompanyDocumentSearchForm.do?lang=EN&company_search=First Majestic Silver Corp&document_selection=0&industry_group=A&FromDate=13&FromMonth=05&FromYear=2000&ToDate=13&ToMonth=11&ToYear=2020&Variable=Issuer
2002-12-31,FR.TO,USD,,2002-12-31,2002-12-31,2003,Q4,0.0,0.0,0.0,0.0,0.0,14579.72064,0.0,14579.72064,0.0,14579.72064,14579.72064,0.0,0.0,0.0,-14579.72064,0.0,-14579.72064,0.0,0.0,0.0,0.0,0.0,-14579.72064,0.0,-0.002522,-0.002522,5781735.0,5781735.0,https://www.sedar.com/ModifyCompanyDocumentSearchForm.do?lang=EN&company_search=First Majestic Silver Corp&document_selection=0&industry_group=A&FromDate=13&FromMonth=05&FromYear=2000&ToDate=13&ToMonth=11&ToYear=2020&Variable=Issuer,https://www.sedar.com/ModifyCompanyDocumentSearchForm.do?lang=EN&company_search=First Majestic Silver Corp&document_selection=0&industry_group=A&FromDate=13&FromMonth=05&FromYear=2000&ToDate=13&ToMonth=11&ToYear=2020&Variable=Issuer
2002-09-30,FR.TO,USD,,2002-09-30,2002-09-30,2003,Q3,0.0,0.0,0.0,0.0,0.0,3567.625469,0.0,3567.625469,0.0,3567.625469,3567.625469,0.0,0.0,0.0,-3567.625469,0.0,-3567.625469,0.0,0.0,0.0,0.0,0.0,-3567.625469,0.0,-0.000617,-0.000617,5781735.0,5781735.0,https://www.sedar.com/ModifyCompanyDocumentSearchForm.do?lang=EN&company_search=First Majestic Silver Corp&document_selection=0&industry_group=A&FromDate=13&FromMonth=05&FromYear=2000&ToDate=13&ToMonth=11&ToYear=2020&Variable=Issuer,https://www.sedar.com/ModifyCompanyDocumentSearchForm.do?lang=EN&company_search=First Majestic Silver Corp&document_selection=0&industry_group=A&FromDate=13&FromMonth=05&FromYear=2000&ToDate=13&ToMonth=11&ToYear=2020&Variable=Issuer
2002-06-30,FR.TO,USD,,2002-06-30,2002-06-30,2002,Q2,-83.834441,0.0,0.0,0.0,0.0,11144.763713,0.0,11144.763713,0.0,11144.763713,11144.763713,0.0,0.0,0.0,-31438.854648,-375.01120390365577,-11228.598155,-133.93777093354745,-20210.256493,0.0,0.0,0.0,-31438.854648,-375.01120390365577,-0.00014628229429803507,-0.00014628229429803507,214919070.0,214919070.0,https://www.sedar.com/ModifyCompanyDocumentSearchForm.do?lang=EN&company_search=First Majestic Silver Corp&document_selection=0&industry_group=A&FromDate=13&FromMonth=05&FromYear=2000&ToDate=13&ToMonth=11&ToYear=2020&Variable=Issuer,https://www.sedar.com/ModifyCompanyDocumentSearchForm.do?lang=EN&company_search=First Majestic Silver Corp&document_selection=0&industry_group=A&FromDate=13&FromMonth=05&FromYear=2000&ToDate=13&ToMonth=11&ToYear=2020&Variable=Issuer
2002-03-31,FR.TO,USD,,2002-03-31,2002-03-31,2002,Q1,50.159885,0.0,0.0,0.0,0.0,9046.335193,0.0,9046.335193,0.0,9046.335193,9046.335193,0.0,0.0,0.0,-9046.962192,-180.36249867797744,-8996.175309,-179.34999868919158,-50.786883,0.0,0.0,0.0,-9046.962192,-180.36249867797744,-0.002984,-0.002984,3031735.0,3031735.0,https://www.sedar.com/ModifyCompanyDocumentSearchForm.do?lang=EN&company_search=First Majestic Silver Corp&document_selection=0&industry_group=A&FromDate=13&FromMonth=05&FromYear=2000&ToDate=13&ToMonth=11&ToYear=2020&Variable=Issuer,https://www.sedar.com/ModifyCompanyDocumentSearchForm.do?lang=EN&company_search=First Majestic Silver Corp&document_selection=0&industry_group=A&FromDate=13&FromMonth=05&FromYear=2000&ToDate=13&ToMonth=11&ToYear=2020&Variable=Issuer
2001-12-31,FR.TO,USD,,2001-12-31,2001-12-31,2002,Q4,50.251888,0.0,0.0,0.0,0.0,13035.33964,0.0,13035.33964,0.0,13035.33964,13035.33964,0.0,0.0,0.0,-12970.012186,-258.09999787470673,-12985.087752,-258.3999978667468,15.075566,0.0,0.0,0.0,-12970.012186,-258.09999787470673,-0.00428,-0.00428,3031735.0,3031735.0,https://www.sedar.com/ModifyCompanyDocumentSearchForm.do?lang=EN&company_search=First Majestic Silver Corp&document_selection=0&industry_group=A&FromDate=13&FromMonth=05&FromYear=2000&ToDate=13&ToMonth=11&ToYear=2020&Variable=Issuer,https://www.sedar.com/ModifyCompanyDocumentSearchForm.do?lang=EN&company_search=First Majestic Silver Corp&document_selection=0&industry_group=A&FromDate=13&FromMonth=05&FromYear=2000&ToDate=13&ToMonth=11&ToYear=2020&Variable=Issuer
2001-09-30,FR.TO,USD,,2001-09-30,2001-09-30,2002,Q3,0.0,0.0,0.0,0.0,0.0,7555.485098,0.0,7555.485098,0.0,7555.485098,7555.485098,0.0,0.0,0.0,-7632.213063,0.0,-7555.485098,0.0,76.727964,0.0,0.0,0.0,-7478.757134,0.0,-0.002467,-0.002467,3031736.0,3031736.0,https://www.sedar.com/ModifyCompanyDocumentSearchForm.do?lang=EN&company_search=First Majestic Silver Corp&document_selection=0&industry_group=A&FromDate=13&FromMonth=05&FromYear=2000&ToDate=13&ToMonth=11&ToYear=2020&Variable=Issuer,https://www.sedar.com/ModifyCompanyDocumentSearchForm.do?lang=EN&company_search=First Majestic Silver Corp&document_selection=0&industry_group=A&FromDate=13&FromMonth=05&FromYear=2000&ToDate=13&ToMonth=11&ToYear=2020&Variable=Issuer
