date,symbol,reportedCurrency,cik,fillingDate,acceptedDate,calendarYear,period,revenue,costOfRevenue,grossProfit,grossProfitRatio,researchAndDevelopmentExpenses,generalAndAdministrativeExpenses,sellingAndMarketingExpenses,sellingGeneralAndAdministrativeExpenses,otherExpenses,operatingExpenses,costAndExpenses,interestIncome,interestExpense,depreciationAndAmortization,ebitda,ebitdaratio,operatingIncome,operatingIncomeRatio,totalOtherIncomeExpensesNet,incomeBeforeTax,incomeBeforeTaxRatio,incomeTaxExpense,netIncome,netIncomeRatio,eps,epsdiluted,weightedAverageShsOut,weightedAverageShsOutDil,link,finalLink
2022-06-30,KRR.TO,CAD,,2022-06-30,2022-06-30,2022,Q2,73609000.0,57968000.0,15641000.0,0.21248760341806028,0.0,4073000.0,0.0,4073000.0,0.0,4073000.0,62041000.0,84000.0,1154000.0,13697000.0,15904000.0,0.2160605360757516,11568000.0,0.15715469575731228,-10515000.0,1053000.0,0.014305315926041652,1381000.0,-328000.0,-0.004455976850656849,-0.002078,-0.002078,157838797,157838797,https://www.sedar.com/ModifyCompanyDocumentSearchForm.do?lang=EN&company_search=Karora Resources Inc.&document_selection=0&industry_group=A&FromDate=13&FromMonth=05&FromYear=2000&ToDate=13&ToMonth=11&ToYear=2020&Variable=Issuer,https://www.sedar.com/ModifyCompanyDocumentSearchForm.do?lang=EN&company_search=Karora Resources Inc.&document_selection=0&industry_group=A&FromDate=13&FromMonth=05&FromYear=2000&ToDate=13&ToMonth=11&ToYear=2020&Variable=Issuer
2022-03-31,KRR.TO,CAD,,2022-03-31,2022-03-31,2022,Q1,65272000.0,54824000.0,10448000.0,0.16006863586223802,0.0,12767000.0,0.0,12767000.0,0.0,12767000.0,67591000.0,45000.0,1090000.0,8817000.0,7754000.0,0.11879519548964333,-2319000.0,-0.035528251011153325,166000.0,-2153000.0,-0.03298504718715529,1556000.0,-3709000.0,-0.05682375291089594,-0.02,-0.02,154440916,154440916,https://www.sedar.com/ModifyCompanyDocumentSearchForm.do?lang=EN&company_search=Karora Resources Inc.&document_selection=0&industry_group=A&FromDate=13&FromMonth=05&FromYear=2000&ToDate=13&ToMonth=11&ToYear=2020&Variable=Issuer,https://www.sedar.com/ModifyCompanyDocumentSearchForm.do?lang=EN&company_search=Karora Resources Inc.&document_selection=0&industry_group=A&FromDate=13&FromMonth=05&FromYear=2000&ToDate=13&ToMonth=11&ToYear=2020&Variable=Issuer
2021-12-31,KRR.TO,CAD,,2021-12-31,2021-12-31,2021,Q4,66972000.0,44030000.0,22942000.0,0.342561070298035,0.0,9706000.0,0.0,9706000.0,0.0,9706000.0,53736000.0,34000.0,905000.0,8150000.0,18578000.0,0.2773995102430867,13236000.0,0.19763483246729976,-3713000.0,9523000.0,0.1421937526130323,3411000.0,6112000.0,0.09126201994863525,0.041132370388112044,0.041132370388112044,148593430,148593430,https://www.sedar.com/ModifyCompanyDocumentSearchForm.do?lang=EN&company_search=Karora Resources Inc.&document_selection=0&industry_group=A&FromDate=13&FromMonth=05&FromYear=2000&ToDate=13&ToMonth=11&ToYear=2020&Variable=Issuer,https://www.sedar.com/ModifyCompanyDocumentSearchForm.do?lang=EN&company_search=Karora Resources Inc.&document_selection=0&industry_group=A&FromDate=13&FromMonth=05&FromYear=2000&ToDate=13&ToMonth=11&ToYear=2020&Variable=Issuer
2021-09-30,KRR.TO,CAD,,2021-09-30,2021-09-30,2021,Q3,68360000.0,41548000.0,26812000.0,0.3922176711527209,0.0,6129000.0,0.0,6129000.0,0.0,6129000.0,47677000.0,31000.0,1135000.0,6508000.0,23648000.0,0.3459332943241662,20683000.0,0.3025599765944997,-4678000.0,16005000.0,0.23412814511410182,5665000.0,10340000.0,0.15125804564072556,0.07,0.07,148593430,153010435,https://www.sedar.com/ModifyCompanyDocumentSearchForm.do?lang=EN&company_search=Karora Resources Inc.&document_selection=0&industry_group=A&FromDate=13&FromMonth=05&FromYear=2000&ToDate=13&ToMonth=11&ToYear=2020&Variable=Issuer,https://www.sedar.com/ModifyCompanyDocumentSearchForm.do?lang=EN&company_search=Karora Resources Inc.&document_selection=0&industry_group=A&FromDate=13&FromMonth=05&FromYear=2000&ToDate=13&ToMonth=11&ToYear=2020&Variable=Issuer
2021-06-30,KRR.TO,CAD,,2021-06-30,2021-06-30,2021,Q2,69570000.0,41644000.0,27926000.0,0.4014086531550956,0.0,8471000.0,0.0,8471000.0,0.0,8471000.0,50115000.0,33000.0,998000.0,7770000.0,18968000.0,0.27264625556992955,19455000.0,0.2796463993100474,-9255000.0,10200000.0,0.14661492022423459,4809000.0,5391000.0,0.07749029754204398,0.04,0.04,146801153,153154785,https://www.sedar.com/ModifyCompanyDocumentSearchForm.do?lang=EN&company_search=Karora Resources Inc.&document_selection=0&industry_group=A&FromDate=13&FromMonth=05&FromYear=2000&ToDate=13&ToMonth=11&ToYear=2020&Variable=Issuer,https://www.sedar.com/ModifyCompanyDocumentSearchForm.do?lang=EN&company_search=Karora Resources Inc.&document_selection=0&industry_group=A&FromDate=13&FromMonth=05&FromYear=2000&ToDate=13&ToMonth=11&ToYear=2020&Variable=Issuer
2021-03-31,KRR.TO,CAD,,2021-03-31,2021-03-31,2021,Q1,59284000.0,40339000.0,18945000.0,0.31956345725659535,0.0,6160000.0,0.0,6160000.0,56000.0,6216000.0,46555000.0,36000.0,1061000.0,7322000.0,18719000.0,0.31575129883273734,12729000.0,0.2147122326428716,-2393000.0,10336000.0,0.17434721003980838,4712000.0,5624000.0,0.09486539369813103,0.04,0.04,146254253,151018838,https://www.sedar.com/ModifyCompanyDocumentSearchForm.do?lang=EN&company_search=KARORA RESOURCES INC&document_selection=0&industry_group=A&FromDate=13&FromMonth=05&FromYear=2000&ToDate=13&ToMonth=11&ToYear=2020&Variable=Issuer,https://www.sedar.com/ModifyCompanyDocumentSearchForm.do?lang=EN&company_search=KARORA RESOURCES INC&document_selection=0&industry_group=A&FromDate=13&FromMonth=05&FromYear=2000&ToDate=13&ToMonth=11&ToYear=2020&Variable=Issuer
2020-12-31,KRR.TO,CAD,,2020-12-31,2020-12-31,2020,Q4,69349000.0,41185000.0,28164000.0,0.4061197710132807,0.0,6845000.0,0.0,6845000.0,0.0,6845000.0,48030000.0,43000.0,1642000.0,9926000.0,38367000.0,0.5532451801756334,21319000.0,0.30741611270530217,5480000.0,26799000.0,0.3864367186260797,-16107000.0,42906000.0,0.6186967367950511,0.30037360410912994,0.30037360410912994,142842112,142842112,https://www.sedar.com/ModifyCompanyDocumentSearchForm.do?lang=EN&company_search=KARORA RESOURCES INC&document_selection=0&industry_group=A&FromDate=13&FromMonth=05&FromYear=2000&ToDate=13&ToMonth=11&ToYear=2020&Variable=Issuer,https://www.sedar.com/ModifyCompanyDocumentSearchForm.do?lang=EN&company_search=KARORA RESOURCES INC&document_selection=0&industry_group=A&FromDate=13&FromMonth=05&FromYear=2000&ToDate=13&ToMonth=11&ToYear=2020&Variable=Issuer
2020-09-30,KRR.TO,CAD,,2020-09-30,2020-09-30,2020,Q3,59405000.0,36197000.0,23208000.0,0.3906741856746065,0.0,10088000.0,0.0,10088000.0,0.0,10088000.0,46285000.0,31000.0,1300000.0,4581000.0,56089000.0,0.9441797828465618,13120000.0,0.22085683023314537,37088000.0,50208000.0,0.845181382038549,15341000.0,34867000.0,0.586937126504503,0.24,0.24,142842112,147811447,https://www.sedar.com/ModifyCompanyDocumentSearchForm.do?lang=EN&company_search=KARORA RESOURCES INC&document_selection=0&industry_group=A&FromDate=13&FromMonth=05&FromYear=2000&ToDate=13&ToMonth=11&ToYear=2020&Variable=Issuer,https://www.sedar.com/ModifyCompanyDocumentSearchForm.do?lang=EN&company_search=KARORA RESOURCES INC&document_selection=0&industry_group=A&FromDate=13&FromMonth=05&FromYear=2000&ToDate=13&ToMonth=11&ToYear=2020&Variable=Issuer
2020-06-30,KRR.TO,CAD,,2020-06-30,2020-06-30,2020,Q2,56100000.0,36361000.0,19739000.0,0.35185383244206775,0.0,6848000.0,0.0,6848000.0,0.0,6848000.0,43209000.0,28000.0,797000.0,5335000.0,23374000.0,0.4166488413547237,12891000.0,0.2297860962566845,4351000.0,17242000.0,0.30734402852049914,7424000.0,9818000.0,0.1750089126559715,0.070002,0.070002,135605419,140854312,https://www.sedar.com/ModifyCompanyDocumentSearchForm.do?lang=EN&company_search=KARORA RESOURCES INC&document_selection=0&industry_group=A&FromDate=13&FromMonth=05&FromYear=2000&ToDate=13&ToMonth=11&ToYear=2020&Variable=Issuer,https://www.sedar.com/ModifyCompanyDocumentSearchForm.do?lang=EN&company_search=KARORA RESOURCES INC&document_selection=0&industry_group=A&FromDate=13&FromMonth=05&FromYear=2000&ToDate=13&ToMonth=11&ToYear=2020&Variable=Issuer
2020-03-31,KRR.TO,CAD,,2020-03-31,2020-03-31,2020,Q1,54282000.0,35677000.0,18605000.0,0.3427471353303121,0.0,3002000.0,0.0,3002000.0,0.0,3002000.0,38679000.0,73000.0,1054000.0,4135000.0,6073000.0,0.11187870749051251,15603000.0,0.2874433513872002,-14719000.0,884000.0,0.016285324785380053,345000.0,539000.0,0.00992962676393648,0.003989,0.003839,135119812,140418572,https://www.sedar.com/ModifyCompanyDocumentSearchForm.do?lang=EN&company_search=KARORA RESOURCES INC&document_selection=0&industry_group=A&FromDate=13&FromMonth=05&FromYear=2000&ToDate=13&ToMonth=11&ToYear=2020&Variable=Issuer,https://www.sedar.com/ModifyCompanyDocumentSearchForm.do?lang=EN&company_search=KARORA RESOURCES INC&document_selection=0&industry_group=A&FromDate=13&FromMonth=05&FromYear=2000&ToDate=13&ToMonth=11&ToYear=2020&Variable=Issuer
2019-12-31,KRR.TO,CAD,,2019-12-31,2019-12-31,2019,Q4,56832000.0,37541000.0,19291000.0,0.33943904842342343,0.0,6542000.0,0.0,6542000.0,292000.0,6834000.0,44375000.0,0.0,667000.0,5818000.0,18565000.0,0.32666455518018017,12457000.0,0.21918989301801803,-377000.0,12080000.0,0.21255630630630631,-699000.0,12779000.0,0.22485571509009009,0.08946241287723329,0.08946241287723329,142842112,142842112,https://www.sedar.com/ModifyCompanyDocumentSearchForm.do?lang=EN&company_search=KARORA RESOURCES INC&document_selection=0&industry_group=A&FromDate=13&FromMonth=05&FromYear=2000&ToDate=13&ToMonth=11&ToYear=2020&Variable=Issuer,https://www.sedar.com/ModifyCompanyDocumentSearchForm.do?lang=EN&company_search=KARORA RESOURCES INC&document_selection=0&industry_group=A&FromDate=13&FromMonth=05&FromYear=2000&ToDate=13&ToMonth=11&ToYear=2020&Variable=Issuer
2019-09-30,KRR.TO,CAD,,2019-09-30,2019-09-30,2019,Q3,43092000.0,32041000.0,11051000.0,0.25645131346885736,0.0,1548000.0,0.0,1548000.0,243000.0,1791000.0,33832000.0,0.0,965000.0,2050000.0,2581000.0,0.05989510814072217,9260000.0,0.21488907453819733,-9694000.0,-434000.0,-0.010071474983755685,-179000.0,-255000.0,-0.005917571707045391,-0.002033,-0.002033,125427285,125427285,https://www.sedar.com/ModifyCompanyDocumentSearchForm.do?lang=EN&company_search=KARORA RESOURCES INC&document_selection=0&industry_group=A&FromDate=13&FromMonth=05&FromYear=2000&ToDate=13&ToMonth=11&ToYear=2020&Variable=Issuer,https://www.sedar.com/ModifyCompanyDocumentSearchForm.do?lang=EN&company_search=KARORA RESOURCES INC&document_selection=0&industry_group=A&FromDate=13&FromMonth=05&FromYear=2000&ToDate=13&ToMonth=11&ToYear=2020&Variable=Issuer
2019-06-30,KRR.TO,CAD,,2019-06-30,2019-06-30,2019,Q2,17249000.0,18679000.0,-1430000.0,-0.08290335671633138,0.0,3460000.0,0.0,3460000.0,160000.0,3620000.0,22299000.0,10000.0,637000.0,1120000.0,-14316000.0,-0.8299611571685315,-5050000.0,-0.2927705953968346,-11023000.0,-16073000.0,-0.9318221346164995,104000.0,-16177000.0,-0.9378514696504145,-0.135,-0.135,112306969,112306969,https://www.sedar.com/ModifyCompanyDocumentSearchForm.do?lang=EN&company_search=KARORA RESOURCES INC&document_selection=0&industry_group=A&FromDate=13&FromMonth=05&FromYear=2000&ToDate=13&ToMonth=11&ToYear=2020&Variable=Issuer,https://www.sedar.com/ModifyCompanyDocumentSearchForm.do?lang=EN&company_search=KARORA RESOURCES INC&document_selection=0&industry_group=A&FromDate=13&FromMonth=05&FromYear=2000&ToDate=13&ToMonth=11&ToYear=2020&Variable=Issuer
2019-03-31,KRR.TO,CAD,,2019-03-31,2019-03-31,2019,Q1,10863000.0,9893000.0,970000.0,0.08929393353585566,16000.0,2697000.0,0.0,2697000.0,-16000.0,2697000.0,12590000.0,0.0,300000.0,525000.0,-2464000.0,-0.22682500230139005,-1727000.0,-0.1589800239344564,-1562000.0,-3289000.0,-0.30277087360765903,0.0,-3289000.0,-0.30277087360765903,-0.023,-0.023,142842112,142842112,https://www.sedar.com/ModifyCompanyDocumentSearchForm.do?lang=EN&company_search=KARORA RESOURCES INC&document_selection=0&industry_group=A&FromDate=13&FromMonth=05&FromYear=2000&ToDate=13&ToMonth=11&ToYear=2020&Variable=Issuer,https://www.sedar.com/ModifyCompanyDocumentSearchForm.do?lang=EN&company_search=KARORA RESOURCES INC&document_selection=0&industry_group=A&FromDate=13&FromMonth=05&FromYear=2000&ToDate=13&ToMonth=11&ToYear=2020&Variable=Issuer
2018-12-31,KRR.TO,CAD,,2018-12-31,2018-12-31,2018,Q4,32076000.0,13275000.0,18801000.0,0.5861391694725028,0.0,753000.0,0.0,753000.0,-1591000.0,-838000.0,12437000.0,0.0,-650000.0,606000.0,12718000.0,0.39649582242174836,19639000.0,0.6122646215238808,-6877000.0,12762000.0,0.3978675645342312,-32000.0,12794000.0,0.39886519516149144,0.0895674239260758,0.0895674239260758,142842112,142842112,https://www.sedar.com/ModifyCompanyDocumentSearchForm.do?lang=EN&company_search=KARORA RESOURCES INC&document_selection=0&industry_group=A&FromDate=13&FromMonth=05&FromYear=2000&ToDate=13&ToMonth=11&ToYear=2020&Variable=Issuer,https://www.sedar.com/ModifyCompanyDocumentSearchForm.do?lang=EN&company_search=KARORA RESOURCES INC&document_selection=0&industry_group=A&FromDate=13&FromMonth=05&FromYear=2000&ToDate=13&ToMonth=11&ToYear=2020&Variable=Issuer
2018-09-30,KRR.TO,CAD,,2018-09-30,2018-09-30,2018,Q3,43397000.0,33908000.0,9489000.0,0.21865566744244994,0.0,10138000.0,0.0,10138000.0,136000.0,10274000.0,44182000.0,0.0,3582000.0,477000.0,-3305000.0,-0.07615733806484319,-785000.0,-0.01808880798211858,-6579000.0,-7364000.0,-0.16968914901951748,146000.0,-7510000.0,-0.1730534368735166,-0.09,-0.09,85443454,85443454,https://www.sedar.com/ModifyCompanyDocumentSearchForm.do?lang=EN&company_search=KARORA RESOURCES INC&document_selection=0&industry_group=A&FromDate=13&FromMonth=05&FromYear=2000&ToDate=13&ToMonth=11&ToYear=2020&Variable=Issuer,https://www.sedar.com/ModifyCompanyDocumentSearchForm.do?lang=EN&company_search=KARORA RESOURCES INC&document_selection=0&industry_group=A&FromDate=13&FromMonth=05&FromYear=2000&ToDate=13&ToMonth=11&ToYear=2020&Variable=Issuer
2018-06-30,KRR.TO,CAD,,2018-06-30,2018-06-30,2018,Q2,10269000.0,4312000.0,5957000.0,0.580095432856169,0.0,402000.0,0.0,402000.0,680000.0,1082000.0,5394000.0,0.0,97000.0,3418000.0,3001000.0,0.2922387769013536,4875000.0,0.4747297692082968,1489000.0,6364000.0,0.6197292823059695,513000.0,-1027000.0,-0.10000973804654786,-0.01276128783437603,-0.01276128783437603,80477771,80477771,https://www.sedar.com/ModifyCompanyDocumentSearchForm.do?lang=EN&company_search=KARORA RESOURCES INC&document_selection=0&industry_group=A&FromDate=13&FromMonth=05&FromYear=2000&ToDate=13&ToMonth=11&ToYear=2020&Variable=Issuer,https://www.sedar.com/ModifyCompanyDocumentSearchForm.do?lang=EN&company_search=KARORA RESOURCES INC&document_selection=0&industry_group=A&FromDate=13&FromMonth=05&FromYear=2000&ToDate=13&ToMonth=11&ToYear=2020&Variable=Issuer
2018-03-31,KRR.TO,CAD,,2018-03-31,2018-03-31,2018,Q1,6277000.0,4082000.0,2195000.0,0.34968934204237695,0.0,2632000.0,0.0,2632000.0,775000.0,3407000.0,7489000.0,0.0,151000.0,3476000.0,-8884000.0,-1.4153257925760714,-1212000.0,-0.19308586904572247,-719000.0,-1931000.0,-0.3076310339334077,-109000.0,-12402000.0,-1.9757846104827146,-0.18,-0.18,78429516,78429516,https://www.sedar.com/ModifyCompanyDocumentSearchForm.do?lang=EN&company_search=KARORA RESOURCES INC&document_selection=0&industry_group=A&FromDate=13&FromMonth=05&FromYear=2000&ToDate=13&ToMonth=11&ToYear=2020&Variable=Issuer,https://www.sedar.com/ModifyCompanyDocumentSearchForm.do?lang=EN&company_search=KARORA RESOURCES INC&document_selection=0&industry_group=A&FromDate=13&FromMonth=05&FromYear=2000&ToDate=13&ToMonth=11&ToYear=2020&Variable=Issuer
2017-12-31,KRR.TO,CAD,,2017-12-31,2017-12-31,2017,Q4,29511000.0,37252000.0,-7741000.0,-0.2623089695367829,0.0,2612000.0,0.0,2612000.0,1060000.0,3672000.0,40924000.0,0.0,-328000.0,6481000.0,-72663000.0,-2.4622344210633322,-11413000.0,-0.3867371488597472,-67992000.0,-79405000.0,-2.6906916065196027,-199000.0,-78617000.0,-2.663989698756396,-0.5503769084568002,-0.5503769084568002,142842112,142842112,https://www.sedar.com/ModifyCompanyDocumentSearchForm.do?lang=EN&company_search=KARORA RESOURCES INC&document_selection=0&industry_group=A&FromDate=13&FromMonth=05&FromYear=2000&ToDate=13&ToMonth=11&ToYear=2020&Variable=Issuer,https://www.sedar.com/ModifyCompanyDocumentSearchForm.do?lang=EN&company_search=KARORA RESOURCES INC&document_selection=0&industry_group=A&FromDate=13&FromMonth=05&FromYear=2000&ToDate=13&ToMonth=11&ToYear=2020&Variable=Issuer
2017-09-30,KRR.TO,CAD,,2017-09-30,2017-09-30,2017,Q3,24952000.0,27875000.0,-2923000.0,-0.11714491824302661,0.0,1411000.0,0.0,1411000.0,312000.0,1723000.0,29598000.0,0.0,1358000.0,5347000.0,-4919000.0,-0.19713850593138826,-4646000.0,-0.18619749919846104,-7372000.0,-12018000.0,-0.48164475793523565,329000.0,-11953000.0,-0.47903975633215773,-0.18,-0.18,67448446,67448446,https://www.sedar.com/ModifyCompanyDocumentSearchForm.do?lang=EN&company_search=KARORA RESOURCES INC&document_selection=0&industry_group=A&FromDate=13&FromMonth=05&FromYear=2000&ToDate=13&ToMonth=11&ToYear=2020&Variable=Issuer,https://www.sedar.com/ModifyCompanyDocumentSearchForm.do?lang=EN&company_search=KARORA RESOURCES INC&document_selection=0&industry_group=A&FromDate=13&FromMonth=05&FromYear=2000&ToDate=13&ToMonth=11&ToYear=2020&Variable=Issuer
2017-06-30,KRR.TO,CAD,,2017-06-30,2017-06-30,2017,Q2,11489000.0,11016000.0,473000.0,0.04116981460527461,0.0,1162000.0,0.0,1162000.0,0.0,1162000.0,12178000.0,-502000.0,360000.0,3075000.0,2632000.0,0.22908869353294456,-689000.0,-0.05997040647575942,-199000.0,-888000.0,-0.07729132213421534,-5802000.0,4999000.0,0.43511184611367393,0.09,0.09,61419654,61419654,https://www.sedar.com/ModifyCompanyDocumentSearchForm.do?lang=EN&company_search=KARORA RESOURCES INC&document_selection=0&industry_group=A&FromDate=13&FromMonth=05&FromYear=2000&ToDate=13&ToMonth=11&ToYear=2020&Variable=Issuer,https://www.sedar.com/ModifyCompanyDocumentSearchForm.do?lang=EN&company_search=KARORA RESOURCES INC&document_selection=0&industry_group=A&FromDate=13&FromMonth=05&FromYear=2000&ToDate=13&ToMonth=11&ToYear=2020&Variable=Issuer
2017-03-31,KRR.TO,CAD,,2017-03-31,2017-03-31,2017,Q1,7124000.0,8426000.0,-1302000.0,-0.1827624929814711,0.0,1860000.0,0.0,1860000.0,0.0,1860000.0,10286000.0,0.0,211000.0,2612000.0,-2061000.0,-0.28930376193149915,-3162000.0,-0.44385176866928694,-1722000.0,-4884000.0,-0.6855699045480067,-462000.0,-4422000.0,-0.6207186973610331,-0.09,-0.09,61381077,61381077,https://www.sedar.com/ModifyCompanyDocumentSearchForm.do?lang=EN&company_search=KARORA RESOURCES INC&document_selection=0&industry_group=A&FromDate=13&FromMonth=05&FromYear=2000&ToDate=13&ToMonth=11&ToYear=2020&Variable=Issuer,https://www.sedar.com/ModifyCompanyDocumentSearchForm.do?lang=EN&company_search=KARORA RESOURCES INC&document_selection=0&industry_group=A&FromDate=13&FromMonth=05&FromYear=2000&ToDate=13&ToMonth=11&ToYear=2020&Variable=Issuer
2016-12-31,KRR.TO,CAD,,2016-12-31,2016-12-31,2016,Q4,9423000.0,3965000.0,5458000.0,0.579221054865754,0.0,780000.0,0.0,780000.0,0.0,780000.0,4745000.0,-141000.0,515000.0,2518000.0,-8122000.0,-0.861933566804627,4678000.0,0.4964448689377056,-15824000.0,-11146000.0,-1.182850472248753,-248000.0,-10907000.0,-1.1574869998938766,-0.07635703398168742,-0.07635703398168742,142842112,142842112,https://www.sedar.com/ModifyCompanyDocumentSearchForm.do?lang=EN&company_search=KARORA RESOURCES INC&document_selection=0&industry_group=A&FromDate=13&FromMonth=05&FromYear=2000&ToDate=13&ToMonth=11&ToYear=2020&Variable=Issuer,https://www.sedar.com/ModifyCompanyDocumentSearchForm.do?lang=EN&company_search=KARORA RESOURCES INC&document_selection=0&industry_group=A&FromDate=13&FromMonth=05&FromYear=2000&ToDate=13&ToMonth=11&ToYear=2020&Variable=Issuer
2016-09-30,KRR.TO,CAD,,2016-09-30,2016-09-30,2016,Q3,10740000.0,12102000.0,-1362000.0,-0.12681564245810056,0.0,2761000.0,0.0,2761000.0,0.0,2761000.0,14863000.0,11000.0,3548000.0,1682000.0,-2768000.0,-0.25772811918063315,-4123000.0,-0.3838919925512104,-4002000.0,-8125000.0,-0.7565176908752328,440000.0,-8438000.0,-0.7856610800744879,-0.135,-0.135,55298538,55298538,https://www.sedar.com/ModifyCompanyDocumentSearchForm.do?lang=EN&company_search=KARORA RESOURCES INC&document_selection=0&industry_group=A&FromDate=13&FromMonth=05&FromYear=2000&ToDate=13&ToMonth=11&ToYear=2020&Variable=Issuer,https://www.sedar.com/ModifyCompanyDocumentSearchForm.do?lang=EN&company_search=KARORA RESOURCES INC&document_selection=0&industry_group=A&FromDate=13&FromMonth=05&FromYear=2000&ToDate=13&ToMonth=11&ToYear=2020&Variable=Issuer
2016-06-30,KRR.TO,CAD,,2016-06-30,2016-06-30,2016,Q2,11066000.0,9991000.0,1075000.0,0.09714440628953551,0.0,3317000.0,0.0,3317000.0,0.0,3317000.0,13308000.0,185000.0,3046000.0,1883000.0,-2782000.0,-0.25140068678836075,-2242000.0,-0.20260256641966384,-5198000.0,-7440000.0,-0.6723296584131574,109000.0,-7820000.0,-0.7066690764503886,-0.18,-0.18,45440232,45440232,https://www.sedar.com/ModifyCompanyDocumentSearchForm.do?lang=EN&company_search=KARORA RESOURCES INC&document_selection=0&industry_group=A&FromDate=13&FromMonth=05&FromYear=2000&ToDate=13&ToMonth=11&ToYear=2020&Variable=Issuer,https://www.sedar.com/ModifyCompanyDocumentSearchForm.do?lang=EN&company_search=KARORA RESOURCES INC&document_selection=0&industry_group=A&FromDate=13&FromMonth=05&FromYear=2000&ToDate=13&ToMonth=11&ToYear=2020&Variable=Issuer
2016-03-31,KRR.TO,CAD,,2016-03-31,2016-03-31,2016,Q1,1452000.0,1269000.0,183000.0,0.12603305785123967,0.0,1702000.0,0.0,1702000.0,0.0,1702000.0,2971000.0,16000.0,153000.0,72000.0,-1298000.0,-0.8939393939393939,-1519000.0,-1.0461432506887052,87000.0,-1432000.0,-0.9862258953168044,173000.0,-1696000.0,-1.1680440771349863,-0.045,-0.045,30455867,30455867,https://www.sedar.com/ModifyCompanyDocumentSearchForm.do?lang=EN&company_search=KARORA RESOURCES INC&document_selection=0&industry_group=A&FromDate=13&FromMonth=05&FromYear=2000&ToDate=13&ToMonth=11&ToYear=2020&Variable=Issuer,https://www.sedar.com/ModifyCompanyDocumentSearchForm.do?lang=EN&company_search=KARORA RESOURCES INC&document_selection=0&industry_group=A&FromDate=13&FromMonth=05&FromYear=2000&ToDate=13&ToMonth=11&ToYear=2020&Variable=Issuer
2015-12-31,KRR.TO,CAD,,2015-12-31,2015-12-31,2015,Q4,0.0,15000.0,-15000.0,0.0,0.0,2222000.0,0.0,2222000.0,0.0,2222000.0,2237000.0,21000.0,0.0,15000.0,-2182000.0,0.0,-2237000.0,0.0,10000.0,-2227000.0,0.0,328000.0,-2531000.0,0.0,-0.017718864308027032,-0.017718864308027032,142842112,142842112,https://www.sedar.com/ModifyCompanyDocumentSearchForm.do?lang=EN&company_search=KARORA RESOURCES INC&document_selection=0&industry_group=A&FromDate=13&FromMonth=05&FromYear=2000&ToDate=13&ToMonth=11&ToYear=2020&Variable=Issuer,https://www.sedar.com/ModifyCompanyDocumentSearchForm.do?lang=EN&company_search=KARORA RESOURCES INC&document_selection=0&industry_group=A&FromDate=13&FromMonth=05&FromYear=2000&ToDate=13&ToMonth=11&ToYear=2020&Variable=Issuer
2015-09-30,KRR.TO,CAD,,2015-09-30,2015-09-30,2015,Q3,0.0,14000.0,-14000.0,0.0,526000.0,1172000.0,0.0,1172000.0,-526000.0,1172000.0,1186000.0,26000.0,0.0,14000.0,-1111000.0,0.0,-1186000.0,0.0,-41000.0,-1227000.0,0.0,287000.0,-1326000.0,0.0,-0.045,-0.045,28921657,28921657,https://www.sedar.com/ModifyCompanyDocumentSearchForm.do?lang=EN&company_search=KARORA RESOURCES INC&document_selection=0&industry_group=A&FromDate=13&FromMonth=05&FromYear=2000&ToDate=13&ToMonth=11&ToYear=2020&Variable=Issuer,https://www.sedar.com/ModifyCompanyDocumentSearchForm.do?lang=EN&company_search=KARORA RESOURCES INC&document_selection=0&industry_group=A&FromDate=13&FromMonth=05&FromYear=2000&ToDate=13&ToMonth=11&ToYear=2020&Variable=Issuer
2015-06-30,KRR.TO,CAD,,2015-06-30,2015-06-30,2015,Q2,0.0,15000.0,-15000.0,0.0,57000.0,1025000.0,0.0,1025000.0,-57000.0,1025000.0,1040000.0,11000.0,0.0,15000.0,-1027000.0,0.0,-1040000.0,0.0,79000.0,-961000.0,0.0,279000.0,-1214000.0,0.0,-0.045,-0.045,24882812,24882812,https://www.sedar.com/ModifyCompanyDocumentSearchForm.do?lang=EN&company_search=KARORA RESOURCES INC&document_selection=0&industry_group=A&FromDate=13&FromMonth=05&FromYear=2000&ToDate=13&ToMonth=11&ToYear=2020&Variable=Issuer,https://www.sedar.com/ModifyCompanyDocumentSearchForm.do?lang=EN&company_search=KARORA RESOURCES INC&document_selection=0&industry_group=A&FromDate=13&FromMonth=05&FromYear=2000&ToDate=13&ToMonth=11&ToYear=2020&Variable=Issuer
2015-03-31,KRR.TO,CAD,,2015-03-31,2015-03-31,2015,Q1,0.0,15000.0,-15000.0,0.0,67000.0,1063000.0,0.0,1063000.0,-67000.0,1063000.0,1078000.0,3000.0,0.0,15000.0,-846000.0,0.0,-1078000.0,0.0,-209000.0,-1287000.0,0.0,-980000.0,-251000.0,0.0,-0.010292,-0.010292,24387452,24387452,https://www.sedar.com/ModifyCompanyDocumentSearchForm.do?lang=EN&company_search=KARORA RESOURCES INC&document_selection=0&industry_group=A&FromDate=13&FromMonth=05&FromYear=2000&ToDate=13&ToMonth=11&ToYear=2020&Variable=Issuer,https://www.sedar.com/ModifyCompanyDocumentSearchForm.do?lang=EN&company_search=KARORA RESOURCES INC&document_selection=0&industry_group=A&FromDate=13&FromMonth=05&FromYear=2000&ToDate=13&ToMonth=11&ToYear=2020&Variable=Issuer
2014-12-31,KRR.TO,CAD,,2014-12-31,2014-12-31,2014,Q4,0.0,-15000.0,15000.0,0.0,0.0,2140000.0,0.0,2140000.0,0.0,2140000.0,2125000.0,24000.0,0.0,-15000.0,-911000.0,0.0,-2125000.0,0.0,-1010000.0,-3135000.0,0.0,-108000.0,-3070000.0,0.0,-0.021492261329768073,-0.021492261329768073,142842112,142842112,https://www.sedar.com/ModifyCompanyDocumentSearchForm.do?lang=EN&company_search=KARORA RESOURCES INC&document_selection=0&industry_group=A&FromDate=13&FromMonth=05&FromYear=2000&ToDate=13&ToMonth=11&ToYear=2020&Variable=Issuer,https://www.sedar.com/ModifyCompanyDocumentSearchForm.do?lang=EN&company_search=KARORA RESOURCES INC&document_selection=0&industry_group=A&FromDate=13&FromMonth=05&FromYear=2000&ToDate=13&ToMonth=11&ToYear=2020&Variable=Issuer
2014-09-30,KRR.TO,CAD,,2014-09-30,2014-09-30,2014,Q3,0.0,53000.0,-53000.0,0.0,432000.0,1179000.0,0.0,1179000.0,-432000.0,1179000.0,1232000.0,37000.0,0.0,53000.0,-1099000.0,0.0,-1232000.0,0.0,-65000.0,-1297000.0,0.0,337000.0,-1591000.0,0.0,-0.045,-0.045,24107399,24107399,https://www.sedar.com/ModifyCompanyDocumentSearchForm.do?lang=EN&company_search=KARORA RESOURCES INC&document_selection=0&industry_group=A&FromDate=13&FromMonth=05&FromYear=2000&ToDate=13&ToMonth=11&ToYear=2020&Variable=Issuer,https://www.sedar.com/ModifyCompanyDocumentSearchForm.do?lang=EN&company_search=KARORA RESOURCES INC&document_selection=0&industry_group=A&FromDate=13&FromMonth=05&FromYear=2000&ToDate=13&ToMonth=11&ToYear=2020&Variable=Issuer
2014-06-30,KRR.TO,CAD,,2014-06-30,2014-06-30,2014,Q2,0.0,17000.0,-17000.0,0.0,125000.0,2695000.0,0.0,2695000.0,-125000.0,2695000.0,2712000.0,40000.0,0.0,17000.0,-2657000.0,0.0,-2712000.0,0.0,-4000.0,-2716000.0,0.0,290000.0,-3006000.0,0.0,-0.135,-0.135,21160233,21160233,https://www.sedar.com/ModifyCompanyDocumentSearchForm.do?lang=EN&company_search=KARORA RESOURCES INC&document_selection=0&industry_group=A&FromDate=13&FromMonth=05&FromYear=2000&ToDate=13&ToMonth=11&ToYear=2020&Variable=Issuer,https://www.sedar.com/ModifyCompanyDocumentSearchForm.do?lang=EN&company_search=KARORA RESOURCES INC&document_selection=0&industry_group=A&FromDate=13&FromMonth=05&FromYear=2000&ToDate=13&ToMonth=11&ToYear=2020&Variable=Issuer
2014-03-31,KRR.TO,CAD,,2014-03-31,2014-03-31,2014,Q1,0.0,16000.0,-16000.0,0.0,190000.0,2007000.0,0.0,2007000.0,-190000.0,2007000.0,2023000.0,62000.0,0.0,16000.0,-1811000.0,0.0,-2023000.0,0.0,-134000.0,-2157000.0,0.0,148000.0,-2305000.0,0.0,-0.09,-0.09,20946276,20946276,https://www.sedar.com/ModifyCompanyDocumentSearchForm.do?lang=EN&company_search=KARORA RESOURCES INC&document_selection=0&industry_group=A&FromDate=13&FromMonth=05&FromYear=2000&ToDate=13&ToMonth=11&ToYear=2020&Variable=Issuer,https://www.sedar.com/ModifyCompanyDocumentSearchForm.do?lang=EN&company_search=KARORA RESOURCES INC&document_selection=0&industry_group=A&FromDate=13&FromMonth=05&FromYear=2000&ToDate=13&ToMonth=11&ToYear=2020&Variable=Issuer
2013-12-31,KRR.TO,CAD,,2013-12-31,2013-12-31,2013,Q4,0.0,22000.0,-22000.0,0.0,105000.0,1035000.0,0.0,1035000.0,-105000.0,1035000.0,1057000.0,54000.0,0.0,22000.0,-1035000.0,0.0,-1057000.0,0.0,-109000.0,-1166000.0,0.0,426000.0,-1592000.0,0.0,-0.011145172650485594,-0.011145172650485594,142842112,142842112,https://www.sedar.com/ModifyCompanyDocumentSearchForm.do?lang=EN&company_search=KARORA RESOURCES INC&document_selection=0&industry_group=A&FromDate=13&FromMonth=05&FromYear=2000&ToDate=13&ToMonth=11&ToYear=2020&Variable=Issuer,https://www.sedar.com/ModifyCompanyDocumentSearchForm.do?lang=EN&company_search=KARORA RESOURCES INC&document_selection=0&industry_group=A&FromDate=13&FromMonth=05&FromYear=2000&ToDate=13&ToMonth=11&ToYear=2020&Variable=Issuer
2013-09-30,KRR.TO,CAD,,2013-09-30,2013-09-30,2013,Q3,0.0,22000.0,-22000.0,0.0,74000.0,1312000.0,0.0,1312000.0,-74000.0,1312000.0,1334000.0,63000.0,0.0,22000.0,-1312000.0,0.0,-1334000.0,0.0,63000.0,-1271000.0,0.0,162000.0,-1433000.0,0.0,-0.01003,-0.01003,142842112,142842112,https://www.sedar.com/ModifyCompanyDocumentSearchForm.do?lang=EN&company_search=KARORA RESOURCES INC&document_selection=0&industry_group=A&FromDate=13&FromMonth=05&FromYear=2000&ToDate=13&ToMonth=11&ToYear=2020&Variable=Issuer,https://www.sedar.com/ModifyCompanyDocumentSearchForm.do?lang=EN&company_search=KARORA RESOURCES INC&document_selection=0&industry_group=A&FromDate=13&FromMonth=05&FromYear=2000&ToDate=13&ToMonth=11&ToYear=2020&Variable=Issuer
2013-06-30,KRR.TO,CAD,,2013-06-30,2013-06-30,2013,Q2,0.0,22000.0,-22000.0,0.0,56000.0,1462000.0,0.0,1462000.0,-56000.0,1462000.0,1484000.0,48000.0,0.0,22000.0,-1462000.0,0.0,-1484000.0,0.0,48000.0,-1436000.0,0.0,496000.0,-1932000.0,0.0,-0.09,-0.09,20913825,20913825,https://www.sedar.com/ModifyCompanyDocumentSearchForm.do?lang=EN&company_search=KARORA RESOURCES INC&document_selection=0&industry_group=A&FromDate=13&FromMonth=05&FromYear=2000&ToDate=13&ToMonth=11&ToYear=2020&Variable=Issuer,https://www.sedar.com/ModifyCompanyDocumentSearchForm.do?lang=EN&company_search=KARORA RESOURCES INC&document_selection=0&industry_group=A&FromDate=13&FromMonth=05&FromYear=2000&ToDate=13&ToMonth=11&ToYear=2020&Variable=Issuer
2013-03-31,KRR.TO,CAD,,2013-03-31,2013-03-31,2013,Q1,0.0,22000.0,-22000.0,0.0,68000.0,1374000.0,39000.0,1413000.0,-107000.0,1374000.0,1396000.0,24000.0,0.0,22000.0,-1374000.0,0.0,-1396000.0,0.0,24000.0,-1372000.0,0.0,411000.0,-1783000.0,0.0,-0.09,-0.09,20249723,20249723,https://www.sedar.com/ModifyCompanyDocumentSearchForm.do?lang=EN&company_search=KARORA RESOURCES INC&document_selection=0&industry_group=A&FromDate=13&FromMonth=05&FromYear=2000&ToDate=13&ToMonth=11&ToYear=2020&Variable=Issuer,https://www.sedar.com/ModifyCompanyDocumentSearchForm.do?lang=EN&company_search=KARORA RESOURCES INC&document_selection=0&industry_group=A&FromDate=13&FromMonth=05&FromYear=2000&ToDate=13&ToMonth=11&ToYear=2020&Variable=Issuer
2012-12-31,KRR.TO,CAD,,2012-12-31,2012-12-31,2012,Q4,0.0,123000.0,-123000.0,0.0,0.0,1695000.0,0.0,1695000.0,-625000.0,1070000.0,1193000.0,52000.0,0.0,32000.0,-1161000.0,0.0,-1193000.0,0.0,52000.0,-1141000.0,0.0,470000.0,-1611000.0,0.0,-0.011278186645686113,-0.011278186645686113,142842112,142842112,https://www.sedar.com/ModifyCompanyDocumentSearchForm.do?lang=EN&company_search=KARORA RESOURCES INC&document_selection=0&industry_group=A&FromDate=13&FromMonth=05&FromYear=2000&ToDate=13&ToMonth=11&ToYear=2020&Variable=Issuer,https://www.sedar.com/ModifyCompanyDocumentSearchForm.do?lang=EN&company_search=KARORA RESOURCES INC&document_selection=0&industry_group=A&FromDate=13&FromMonth=05&FromYear=2000&ToDate=13&ToMonth=11&ToYear=2020&Variable=Issuer
2012-09-30,KRR.TO,CAD,,2012-09-30,2012-09-30,2012,Q3,0.0,0.0,0.0,0.0,0.0,1569000.0,0.0,1569000.0,576000.0,2145000.0,2145000.0,40000.0,0.0,32000.0,-2113000.0,0.0,-2145000.0,0.0,40000.0,-2105000.0,0.0,843000.0,-2948000.0,0.0,-0.135,-0.135,20005161,20005161,https://www.sedar.com/ModifyCompanyDocumentSearchForm.do?lang=EN&company_search=KARORA RESOURCES INC&document_selection=0&industry_group=A&FromDate=13&FromMonth=05&FromYear=2000&ToDate=13&ToMonth=11&ToYear=2020&Variable=Issuer,https://www.sedar.com/ModifyCompanyDocumentSearchForm.do?lang=EN&company_search=KARORA RESOURCES INC&document_selection=0&industry_group=A&FromDate=13&FromMonth=05&FromYear=2000&ToDate=13&ToMonth=11&ToYear=2020&Variable=Issuer
2012-06-30,KRR.TO,CAD,,2012-06-30,2012-06-30,2012,Q2,0.0,0.0,0.0,0.0,72000.0,3484000.0,0.0,3484000.0,58000.0,3614000.0,3614000.0,307000.0,0.0,30000.0,-4268000.0,0.0,-3614000.0,0.0,1019000.0,-2595000.0,0.0,2202000.0,-4797000.0,0.0,-0.225,-0.225,19578801,19578801,https://www.sedar.com/ModifyCompanyDocumentSearchForm.do?lang=EN&company_search=KARORA RESOURCES INC&document_selection=0&industry_group=A&FromDate=13&FromMonth=05&FromYear=2000&ToDate=13&ToMonth=11&ToYear=2020&Variable=Issuer,https://www.sedar.com/ModifyCompanyDocumentSearchForm.do?lang=EN&company_search=KARORA RESOURCES INC&document_selection=0&industry_group=A&FromDate=13&FromMonth=05&FromYear=2000&ToDate=13&ToMonth=11&ToYear=2020&Variable=Issuer
2012-03-31,KRR.TO,CAD,,2012-03-31,2012-03-31,2012,Q1,0.0,0.0,0.0,0.0,0.0,2141000.0,96000.0,2237000.0,29000.0,2266000.0,2266000.0,77000.0,0.0,29000.0,-2237000.0,0.0,-2266000.0,0.0,77000.0,-2189000.0,0.0,317000.0,-2506000.0,0.0,-0.135,-0.135,19874394,19874394,https://www.sedar.com/ModifyCompanyDocumentSearchForm.do?lang=EN&company_search=KARORA RESOURCES INC&document_selection=0&industry_group=A&FromDate=13&FromMonth=05&FromYear=2000&ToDate=13&ToMonth=11&ToYear=2020&Variable=Issuer,https://www.sedar.com/ModifyCompanyDocumentSearchForm.do?lang=EN&company_search=KARORA RESOURCES INC&document_selection=0&industry_group=A&FromDate=13&FromMonth=05&FromYear=2000&ToDate=13&ToMonth=11&ToYear=2020&Variable=Issuer
2011-12-31,KRR.TO,CAD,,2011-12-31,2011-12-31,2011,Q4,0.0,0.0,0.0,0.0,0.0,1811000.0,120000.0,1931000.0,35000.0,1966000.0,1966000.0,75000.0,0.0,35000.0,-1931000.0,0.0,-1966000.0,0.0,75000.0,-1891000.0,0.0,-119000.0,-1772000.0,0.0,-0.012405305236595774,-0.012405305236595774,142842112,142842112,https://www.sedar.com/ModifyCompanyDocumentSearchForm.do?lang=EN&company_search=KARORA RESOURCES INC&document_selection=0&industry_group=A&FromDate=13&FromMonth=05&FromYear=2000&ToDate=13&ToMonth=11&ToYear=2020&Variable=Issuer,https://www.sedar.com/ModifyCompanyDocumentSearchForm.do?lang=EN&company_search=KARORA RESOURCES INC&document_selection=0&industry_group=A&FromDate=13&FromMonth=05&FromYear=2000&ToDate=13&ToMonth=11&ToYear=2020&Variable=Issuer
2011-09-30,KRR.TO,CAD,,2011-09-30,2011-09-30,2011,Q3,0.0,0.0,0.0,0.0,0.0,1435000.0,16000.0,1451000.0,35000.0,1486000.0,1486000.0,63000.0,0.0,35000.0,-1451000.0,0.0,-1486000.0,0.0,63000.0,-1423000.0,0.0,-241000.0,-1182000.0,0.0,-0.045,-0.045,19748665,19748665,https://www.sedar.com/ModifyCompanyDocumentSearchForm.do?lang=EN&company_search=KARORA RESOURCES INC&document_selection=0&industry_group=A&FromDate=13&FromMonth=05&FromYear=2000&ToDate=13&ToMonth=11&ToYear=2020&Variable=Issuer,https://www.sedar.com/ModifyCompanyDocumentSearchForm.do?lang=EN&company_search=KARORA RESOURCES INC&document_selection=0&industry_group=A&FromDate=13&FromMonth=05&FromYear=2000&ToDate=13&ToMonth=11&ToYear=2020&Variable=Issuer
2011-06-30,KRR.TO,CAD,,2011-06-30,2011-06-30,2011,Q2,0.0,0.0,0.0,0.0,0.0,0.0,0.0,1439000.0,0.0,1439000.0,1439000.0,165000.0,0.0,30000.0,-1409000.0,0.0,-1439000.0,0.0,165000.0,-1274000.0,0.0,1794000.0,-3068000.0,0.0,-0.135,-0.135,19708786,19708786,https://www.sedar.com/ModifyCompanyDocumentSearchForm.do?lang=EN&company_search=KARORA RESOURCES INC&document_selection=0&industry_group=A&FromDate=13&FromMonth=05&FromYear=2000&ToDate=13&ToMonth=11&ToYear=2020&Variable=Issuer,https://www.sedar.com/ModifyCompanyDocumentSearchForm.do?lang=EN&company_search=KARORA RESOURCES INC&document_selection=0&industry_group=A&FromDate=13&FromMonth=05&FromYear=2000&ToDate=13&ToMonth=11&ToYear=2020&Variable=Issuer
2011-03-31,KRR.TO,CAD,,2011-03-31,2011-03-31,2011,Q1,0.0,0.0,0.0,0.0,0.0,0.0,0.0,1463000.0,0.0,1463000.0,1463000.0,142000.0,0.0,28000.0,-1435000.0,0.0,-1463000.0,0.0,142000.0,-1321000.0,0.0,408000.0,-1729000.0,0.0,-0.09,-0.09,19451480,19451480,https://www.sedar.com/ModifyCompanyDocumentSearchForm.do?lang=EN&company_search=KARORA RESOURCES INC&document_selection=0&industry_group=A&FromDate=13&FromMonth=05&FromYear=2000&ToDate=13&ToMonth=11&ToYear=2020&Variable=Issuer,https://www.sedar.com/ModifyCompanyDocumentSearchForm.do?lang=EN&company_search=KARORA RESOURCES INC&document_selection=0&industry_group=A&FromDate=13&FromMonth=05&FromYear=2000&ToDate=13&ToMonth=11&ToYear=2020&Variable=Issuer
2010-12-31,KRR.TO,CAD,,2010-12-31,2010-12-31,2010,Q4,0.0,0.0,0.0,0.0,0.0,4116252.0,1363349.0,5479601.0,27826.0,5507427.0,5507427.0,7085.0,0.0,27826.0,-5479601.0,0.0,-5507427.0,0.0,1087085.0,-4420342.0,0.0,-1659129.0,-2761213.0,0.0,-0.019330524880505826,-0.019330524880505826,142842112,142842112,https://www.sedar.com/ModifyCompanyDocumentSearchForm.do?lang=EN&company_search=KARORA RESOURCES INC&document_selection=0&industry_group=A&FromDate=13&FromMonth=05&FromYear=2000&ToDate=13&ToMonth=11&ToYear=2020&Variable=Issuer,https://www.sedar.com/ModifyCompanyDocumentSearchForm.do?lang=EN&company_search=KARORA RESOURCES INC&document_selection=0&industry_group=A&FromDate=13&FromMonth=05&FromYear=2000&ToDate=13&ToMonth=11&ToYear=2020&Variable=Issuer
2010-09-30,KRR.TO,CAD,,2010-09-30,2010-09-30,2010,Q3,0.0,0.0,0.0,0.0,0.0,1346000.0,22000.0,1368000.0,28000.0,1396000.0,1396000.0,2000.0,0.0,28000.0,-1368000.0,0.0,-1396000.0,0.0,-358000.0,-1754000.0,0.0,80000.0,-1834000.0,0.0,-0.135,-0.135,13618935,13618935,https://www.sedar.com/ModifyCompanyDocumentSearchForm.do?lang=EN&company_search=KARORA RESOURCES INC&document_selection=0&industry_group=A&FromDate=13&FromMonth=05&FromYear=2000&ToDate=13&ToMonth=11&ToYear=2020&Variable=Issuer,https://www.sedar.com/ModifyCompanyDocumentSearchForm.do?lang=EN&company_search=KARORA RESOURCES INC&document_selection=0&industry_group=A&FromDate=13&FromMonth=05&FromYear=2000&ToDate=13&ToMonth=11&ToYear=2020&Variable=Issuer
2010-06-30,KRR.TO,CAD,,2010-06-30,2010-06-30,2010,Q2,0.0,0.0,0.0,0.0,0.0,0.0,0.0,5559000.0,0.0,5559000.0,5559000.0,6000.0,0.0,31000.0,-5528000.0,0.0,-5559000.0,0.0,-354000.0,-5913000.0,0.0,303000.0,-6216000.0,0.0,-0.45,-0.45,13506591,13506591,https://www.sedar.com/ModifyCompanyDocumentSearchForm.do?lang=EN&company_search=KARORA RESOURCES INC&document_selection=0&industry_group=A&FromDate=13&FromMonth=05&FromYear=2000&ToDate=13&ToMonth=11&ToYear=2020&Variable=Issuer,https://www.sedar.com/ModifyCompanyDocumentSearchForm.do?lang=EN&company_search=KARORA RESOURCES INC&document_selection=0&industry_group=A&FromDate=13&FromMonth=05&FromYear=2000&ToDate=13&ToMonth=11&ToYear=2020&Variable=Issuer
2010-03-31,KRR.TO,CAD,,2010-03-31,2010-03-31,2010,Q1,0.0,0.0,0.0,0.0,0.0,0.0,0.0,1250000.0,0.0,1250000.0,1250000.0,11000.0,0.0,23000.0,-1227000.0,0.0,-1250000.0,0.0,-349000.0,-1599000.0,0.0,590000.0,-2189000.0,0.0,-0.18,-0.18,13454436,13454436,https://www.sedar.com/ModifyCompanyDocumentSearchForm.do?lang=EN&company_search=KARORA RESOURCES INC&document_selection=0&industry_group=A&FromDate=13&FromMonth=05&FromYear=2000&ToDate=13&ToMonth=11&ToYear=2020&Variable=Issuer,https://www.sedar.com/ModifyCompanyDocumentSearchForm.do?lang=EN&company_search=KARORA RESOURCES INC&document_selection=0&industry_group=A&FromDate=13&FromMonth=05&FromYear=2000&ToDate=13&ToMonth=11&ToYear=2020&Variable=Issuer
