date,symbol,reportedCurrency,cik,fillingDate,acceptedDate,calendarYear,period,revenue,costOfRevenue,grossProfit,grossProfitRatio,researchAndDevelopmentExpenses,generalAndAdministrativeExpenses,sellingAndMarketingExpenses,sellingGeneralAndAdministrativeExpenses,otherExpenses,operatingExpenses,costAndExpenses,interestIncome,interestExpense,depreciationAndAmortization,ebitda,ebitdaratio,operatingIncome,operatingIncomeRatio,totalOtherIncomeExpensesNet,incomeBeforeTax,incomeBeforeTaxRatio,incomeTaxExpense,netIncome,netIncomeRatio,eps,epsdiluted,weightedAverageShsOut,weightedAverageShsOutDil,link,finalLink
2022-06-30,LUG.TO,USD,,2022-06-30,2022-06-30,2022,Q2,177808000.0,95286000.0,82522000.0,0.46410735175020246,0.0,3734000.0,0.0,3734000.0,2820000.0,6554000.0,101840000.0,586000.0,7434000.0,27690000.0,123655000.0,0.6954411500044992,82522000.0,0.46410735175020246,6009000.0,88531000.0,0.49790223162062447,32569000.0,55962000.0,0.31473274543327634,0.24,0.24,234933975.0,236847992.0,https://www.sedar.com/ModifyCompanyDocumentSearchForm.do?lang=EN&company_search=Lundin Gold Inc.&document_selection=0&industry_group=A&FromDate=13&FromMonth=05&FromYear=2000&ToDate=13&ToMonth=11&ToYear=2020&Variable=Issuer,https://www.sedar.com/ModifyCompanyDocumentSearchForm.do?lang=EN&company_search=Lundin Gold Inc.&document_selection=0&industry_group=A&FromDate=13&FromMonth=05&FromYear=2000&ToDate=13&ToMonth=11&ToYear=2020&Variable=Issuer
2022-03-31,LUG.TO,USD,,2022-03-31,2022-03-31,2022,Q1,216472000.0,105265000.0,111207000.0,0.513724638752356,0.0,5861000.0,0.0,5861000.0,2806000.0,8667000.0,113932000.0,164000.0,7445000.0,31453000.0,78991000.0,0.36490169629328506,111207000.0,0.513724638752356,-71114000.0,40093000.0,0.18521102036291068,16911000.0,23182000.0,0.10709006245611441,0.1,0.1,233809773.0,235774444.0,https://www.sedar.com/ModifyCompanyDocumentSearchForm.do?lang=EN&company_search=Lundin Gold Inc.&document_selection=0&industry_group=A&FromDate=13&FromMonth=05&FromYear=2000&ToDate=13&ToMonth=11&ToYear=2020&Variable=Issuer,https://www.sedar.com/ModifyCompanyDocumentSearchForm.do?lang=EN&company_search=Lundin Gold Inc.&document_selection=0&industry_group=A&FromDate=13&FromMonth=05&FromYear=2000&ToDate=13&ToMonth=11&ToYear=2020&Variable=Issuer
2021-12-31,LUG.TO,USD,,2021-12-31,2021-12-31,2021,Q4,186440000.0,94794000.0,91646000.0,0.49155760566402057,0.0,14651000.0,0.0,14651000.0,2992000.0,17643000.0,112437000.0,115000.0,8078000.0,27017000.0,55443000.0,0.2973771722806265,74003000.0,0.396926625187728,-53655000.0,20348000.0,0.10913966959879855,-8441000.0,28789000.0,0.1544142887792319,0.12370453775521446,0.12370453775521446,232723880.0,232723880.0,https://www.sedar.com/ModifyCompanyDocumentSearchForm.do?lang=EN&company_search=Lundin Gold Inc.&document_selection=0&industry_group=A&FromDate=13&FromMonth=05&FromYear=2000&ToDate=13&ToMonth=11&ToYear=2020&Variable=Issuer,https://www.sedar.com/ModifyCompanyDocumentSearchForm.do?lang=EN&company_search=Lundin Gold Inc.&document_selection=0&industry_group=A&FromDate=13&FromMonth=05&FromYear=2000&ToDate=13&ToMonth=11&ToYear=2020&Variable=Issuer
2021-09-30,LUG.TO,USD,,2021-09-30,2021-09-30,2021,Q3,190753000.0,101322000.0,89431000.0,0.46883142073781275,0.0,3112000.0,0.0,3112000.0,2473000.0,5585000.0,106907000.0,92000.0,8457000.0,28777000.0,109857000.0,0.5759123054421162,83846000.0,0.43955272000964596,-11223000.0,72623000.0,0.3807174723333316,15950000.0,56673000.0,0.2971014872636341,0.24,0.24,232723880.0,235017999.0,https://www.sedar.com/ModifyCompanyDocumentSearchForm.do?lang=EN&company_search=Lundin Gold Inc.&document_selection=0&industry_group=A&FromDate=13&FromMonth=05&FromYear=2000&ToDate=13&ToMonth=11&ToYear=2020&Variable=Issuer,https://www.sedar.com/ModifyCompanyDocumentSearchForm.do?lang=EN&company_search=Lundin Gold Inc.&document_selection=0&industry_group=A&FromDate=13&FromMonth=05&FromYear=2000&ToDate=13&ToMonth=11&ToYear=2020&Variable=Issuer
2021-06-30,LUG.TO,USD,,2021-06-30,2021-06-30,2021,Q2,216145000.0,105541000.0,110604000.0,0.5117120451548729,0.0,2981000.0,0.0,2981000.0,2377000.0,5358000.0,110899000.0,83000.0,8690000.0,30770000.0,106688000.0,0.49359457771403453,105246000.0,0.48692313030604456,-38018000.0,67228000.0,0.31103194614726226,17244000.0,49984000.0,0.23125216868305998,0.22,0.21,231998447.0,234508000.0,https://www.sedar.com/ModifyCompanyDocumentSearchForm.do?lang=EN&company_search=Lundin Gold Inc.&document_selection=0&industry_group=A&FromDate=13&FromMonth=05&FromYear=2000&ToDate=13&ToMonth=11&ToYear=2020&Variable=Issuer,https://www.sedar.com/ModifyCompanyDocumentSearchForm.do?lang=EN&company_search=Lundin Gold Inc.&document_selection=0&industry_group=A&FromDate=13&FromMonth=05&FromYear=2000&ToDate=13&ToMonth=11&ToYear=2020&Variable=Issuer
2021-03-31,LUG.TO,USD,,2021-03-31,2021-03-31,2021,Q1,139991000.0,75960000.0,64031000.0,0.4573936895943311,0.0,4751000.0,0.0,4751000.0,1223000.0,5974000.0,81934000.0,63000.0,8962000.0,20995000.0,126859000.0,0.9061939696123322,58057000.0,0.41471951768327964,38845000.0,96902000.0,0.6922016415340986,10922000.0,85980000.0,0.6141823402933045,0.37,0.37,230751034.0,233634540.0,https://www.sedar.com/ModifyCompanyDocumentSearchForm.do?lang=EN&company_search=Lundin Gold Inc.&document_selection=0&industry_group=A&FromDate=13&FromMonth=05&FromYear=2000&ToDate=13&ToMonth=11&ToYear=2020&Variable=Issuer,https://www.sedar.com/ModifyCompanyDocumentSearchForm.do?lang=EN&company_search=Lundin Gold Inc.&document_selection=0&industry_group=A&FromDate=13&FromMonth=05&FromYear=2000&ToDate=13&ToMonth=11&ToYear=2020&Variable=Issuer
2020-12-31,LUG.TO,USD,,2020-12-31,2020-12-31,2020,Q4,189250000.0,90029000.0,99221000.0,0.5242853368560105,0.0,15051000.0,0.0,15051000.0,-1841000.0,13210000.0,103239000.0,48000.0,9607000.0,27844000.0,36218000.0,0.1913764861294584,86011000.0,0.45448348745046235,-100460000.0,-14449000.0,-0.07634874504623514,0.0,-1233000.0,-0.006515191545574637,-0.005362341341399385,-0.005362341341399385,229936873.0,229936873.0,https://www.sedar.com/ModifyCompanyDocumentSearchForm.do?lang=EN&company_search=Lundin Gold Inc.&document_selection=0&industry_group=A&FromDate=13&FromMonth=05&FromYear=2000&ToDate=13&ToMonth=11&ToYear=2020&Variable=Issuer,https://www.sedar.com/ModifyCompanyDocumentSearchForm.do?lang=EN&company_search=Lundin Gold Inc.&document_selection=0&industry_group=A&FromDate=13&FromMonth=05&FromYear=2000&ToDate=13&ToMonth=11&ToYear=2020&Variable=Issuer
2020-09-30,LUG.TO,USD,,2020-09-30,2020-09-30,2020,Q3,118904000.0,56153000.0,62751000.0,0.527745071654444,0.0,2057000.0,0.0,2057000.0,485000.0,2542000.0,58695000.0,56000.0,9802000.0,16897000.0,54479000.0,0.45817634394133083,60209000.0,0.5063664805221019,-32429000.0,27780000.0,0.23363385588373814,0.0,27780000.0,0.23363385588373814,0.12,0.12,229936873.0,233264544.0,https://www.sedar.com/ModifyCompanyDocumentSearchForm.do?lang=EN&company_search=Lundin Gold Inc.&document_selection=0&industry_group=A&FromDate=13&FromMonth=05&FromYear=2000&ToDate=13&ToMonth=11&ToYear=2020&Variable=Issuer,https://www.sedar.com/ModifyCompanyDocumentSearchForm.do?lang=EN&company_search=Lundin Gold Inc.&document_selection=0&industry_group=A&FromDate=13&FromMonth=05&FromYear=2000&ToDate=13&ToMonth=11&ToYear=2020&Variable=Issuer
2020-06-30,LUG.TO,USD,,2020-06-30,2020-06-30,2020,Q2,13146000.0,12829000.0,317000.0,0.02411379887418226,0.0,19015000.0,0.0,19015000.0,2872000.0,21887000.0,34716000.0,67000.0,12029000.0,4127000.0,-48218000.0,-3.6678837669253004,-21570000.0,-1.6408032861706983,-42804000.0,-64374000.0,-4.896850753080785,0.0,-64374000.0,-4.896850753080785,-0.29,-0.29,225724679.0,225724679.0,https://www.sedar.com/ModifyCompanyDocumentSearchForm.do?lang=EN&company_search=Lundin Gold Inc.&document_selection=0&industry_group=A&FromDate=13&FromMonth=05&FromYear=2000&ToDate=13&ToMonth=11&ToYear=2020&Variable=Issuer,https://www.sedar.com/ModifyCompanyDocumentSearchForm.do?lang=EN&company_search=Lundin Gold Inc.&document_selection=0&industry_group=A&FromDate=13&FromMonth=05&FromYear=2000&ToDate=13&ToMonth=11&ToYear=2020&Variable=Issuer
2020-03-31,LUG.TO,USD,,2020-03-31,2020-03-31,2020,Q1,36856000.0,26520000.0,10336000.0,0.28044280442804426,0.0,12325000.0,0.0,12325000.0,1095000.0,13420000.0,39940000.0,231000.0,4544000.0,6543000.0,1756000.0,0.04764488821358802,-3084000.0,-0.08367701324072065,-6247000.0,-9331000.0,-0.25317451703928806,0.0,-9331000.0,-0.25317451703928806,-0.04,-0.041611,224244554.0,224244554.0,https://www.sedar.com/ModifyCompanyDocumentSearchForm.do?lang=EN&company_search=Lundin Gold Inc.&document_selection=0&industry_group=A&FromDate=13&FromMonth=05&FromYear=2000&ToDate=13&ToMonth=11&ToYear=2020&Variable=Issuer,https://www.sedar.com/ModifyCompanyDocumentSearchForm.do?lang=EN&company_search=Lundin Gold Inc.&document_selection=0&industry_group=A&FromDate=13&FromMonth=05&FromYear=2000&ToDate=13&ToMonth=11&ToYear=2020&Variable=Issuer
2019-12-31,LUG.TO,USD,,2019-12-31,2019-12-31,2019,Q4,0.0,0.0,0.0,0.0,0.0,4078000.0,0.0,4078000.0,1484000.0,5562000.0,5562000.0,251000.0,0.0,25000.0,29891000.0,0.0,-5562000.0,0.0,-35203000.0,-40765000.0,0.0,0.0,-40765000.0,0.0,-0.18284070013083706,-0.18284070013083706,222953642.0,222953642.0,https://www.sedar.com/ModifyCompanyDocumentSearchForm.do?lang=EN&company_search=Lundin Gold Inc.&document_selection=0&industry_group=A&FromDate=13&FromMonth=05&FromYear=2000&ToDate=13&ToMonth=11&ToYear=2020&Variable=Issuer,https://www.sedar.com/ModifyCompanyDocumentSearchForm.do?lang=EN&company_search=Lundin Gold Inc.&document_selection=0&industry_group=A&FromDate=13&FromMonth=05&FromYear=2000&ToDate=13&ToMonth=11&ToYear=2020&Variable=Issuer
2019-09-30,LUG.TO,USD,,2019-09-30,2019-09-30,2019,Q3,0.0,0.0,0.0,0.0,0.0,5056000.0,0.0,5056000.0,1437000.0,6493000.0,6493000.0,260000.0,0.0,33000.0,27005000.0,0.0,-6493000.0,0.0,-33179000.0,-39672000.0,0.0,0.0,-39672000.0,0.0,-0.18,-0.18,222953642.0,222953642.0,https://www.sedar.com/ModifyCompanyDocumentSearchForm.do?lang=EN&company_search=Lundin Gold Inc.&document_selection=0&industry_group=A&FromDate=13&FromMonth=05&FromYear=2000&ToDate=13&ToMonth=11&ToYear=2020&Variable=Issuer,https://www.sedar.com/ModifyCompanyDocumentSearchForm.do?lang=EN&company_search=Lundin Gold Inc.&document_selection=0&industry_group=A&FromDate=13&FromMonth=05&FromYear=2000&ToDate=13&ToMonth=11&ToYear=2020&Variable=Issuer
2019-06-30,LUG.TO,USD,,2019-06-30,2019-06-30,2019,Q2,0.0,0.0,0.0,0.0,0.0,5022000.0,0.0,5022000.0,1049000.0,6071000.0,6071000.0,405000.0,0.0,35000.0,19095000.0,0.0,-6071000.0,0.0,-24726000.0,-30797000.0,0.0,0.0,-30797000.0,0.0,-0.14,-0.14,222535083.0,222535083.0,https://www.sedar.com/ModifyCompanyDocumentSearchForm.do?lang=EN&company_search=Lundin Gold Inc.&document_selection=0&industry_group=A&FromDate=13&FromMonth=05&FromYear=2000&ToDate=13&ToMonth=11&ToYear=2020&Variable=Issuer,https://www.sedar.com/ModifyCompanyDocumentSearchForm.do?lang=EN&company_search=Lundin Gold Inc.&document_selection=0&industry_group=A&FromDate=13&FromMonth=05&FromYear=2000&ToDate=13&ToMonth=11&ToYear=2020&Variable=Issuer
2019-03-31,LUG.TO,USD,,2019-03-31,2019-03-31,2019,Q1,0.0,0.0,0.0,0.0,0.0,7536000.0,0.0,7536000.0,1482000.0,9018000.0,9018000.0,847000.0,0.0,37000.0,-6941000.0,0.0,-9018000.0,0.0,1307000.0,-7711000.0,0.0,0.0,-7711000.0,0.0,-0.04,-0.04,216061503.0,216061503.0,https://www.sedar.com/ModifyCompanyDocumentSearchForm.do?lang=EN&company_search=Lundin Gold Inc.&document_selection=0&industry_group=A&FromDate=13&FromMonth=05&FromYear=2000&ToDate=13&ToMonth=11&ToYear=2020&Variable=Issuer,https://www.sedar.com/ModifyCompanyDocumentSearchForm.do?lang=EN&company_search=Lundin Gold Inc.&document_selection=0&industry_group=A&FromDate=13&FromMonth=05&FromYear=2000&ToDate=13&ToMonth=11&ToYear=2020&Variable=Issuer
2018-12-31,LUG.TO,USD,,2018-12-31,2018-12-31,2018,Q4,0.0,0.0,0.0,0.0,0.0,5014000.0,0.0,5014000.0,1242000.0,6256000.0,6256000.0,0.0,0.0,35000.0,13694000.0,0.0,-6256000.0,0.0,-17235000.0,-23491000.0,0.0,0.0,-23491000.0,0.0,-0.11020154530798308,-0.11020154530798308,213163980.0,213163980.0,https://www.sedar.com/ModifyCompanyDocumentSearchForm.do?lang=EN&company_search=Lundin Gold Inc.&document_selection=0&industry_group=A&FromDate=13&FromMonth=05&FromYear=2000&ToDate=13&ToMonth=11&ToYear=2020&Variable=Issuer,https://www.sedar.com/ModifyCompanyDocumentSearchForm.do?lang=EN&company_search=Lundin Gold Inc.&document_selection=0&industry_group=A&FromDate=13&FromMonth=05&FromYear=2000&ToDate=13&ToMonth=11&ToYear=2020&Variable=Issuer
2018-09-30,LUG.TO,USD,,2018-09-30,2018-09-30,2018,Q3,0.0,0.0,0.0,0.0,0.0,3833000.0,0.0,3833000.0,1408000.0,5241000.0,5241000.0,0.0,0.0,36000.0,-18105000.0,0.0,-5241000.0,0.0,12511000.0,7270000.0,0.0,0.0,7270000.0,0.0,0.03,0.03,213163980.0,213707572.0,https://www.sedar.com/ModifyCompanyDocumentSearchForm.do?lang=EN&company_search=Lundin Gold Inc.&document_selection=0&industry_group=A&FromDate=13&FromMonth=05&FromYear=2000&ToDate=13&ToMonth=11&ToYear=2020&Variable=Issuer,https://www.sedar.com/ModifyCompanyDocumentSearchForm.do?lang=EN&company_search=Lundin Gold Inc.&document_selection=0&industry_group=A&FromDate=13&FromMonth=05&FromYear=2000&ToDate=13&ToMonth=11&ToYear=2020&Variable=Issuer
2018-06-30,LUG.TO,USD,,2018-06-30,2018-06-30,2018,Q2,0.0,0.0,0.0,0.0,0.0,4783000.0,0.0,4783000.0,1808000.0,6591000.0,6591000.0,0.0,0.0,28000.0,-32539000.0,0.0,-6591000.0,0.0,26332000.0,19741000.0,0.0,0.0,19741000.0,0.0,0.09,0.09,213163980.0,213754928.0,https://www.sedar.com/ModifyCompanyDocumentSearchForm.do?lang=EN&company_search=Lundin Gold Inc.&document_selection=0&industry_group=A&FromDate=13&FromMonth=05&FromYear=2000&ToDate=13&ToMonth=11&ToYear=2020&Variable=Issuer,https://www.sedar.com/ModifyCompanyDocumentSearchForm.do?lang=EN&company_search=Lundin Gold Inc.&document_selection=0&industry_group=A&FromDate=13&FromMonth=05&FromYear=2000&ToDate=13&ToMonth=11&ToYear=2020&Variable=Issuer
2018-03-31,LUG.TO,USD,,2018-03-31,2018-03-31,2018,Q1,0.0,0.0,0.0,0.0,0.0,4846000.0,0.0,4846000.0,2656000.0,7502000.0,7502000.0,0.0,0.0,24000.0,16515000.0,0.0,-7502000.0,0.0,-18086000.0,-25588000.0,0.0,0.0,-25588000.0,0.0,-0.2,-0.2,124861126.0,124861126.0,https://www.sedar.com/ModifyCompanyDocumentSearchForm.do?lang=EN&company_search=Lundin Gold Inc.&document_selection=0&industry_group=A&FromDate=13&FromMonth=05&FromYear=2000&ToDate=13&ToMonth=11&ToYear=2020&Variable=Issuer,https://www.sedar.com/ModifyCompanyDocumentSearchForm.do?lang=EN&company_search=Lundin Gold Inc.&document_selection=0&industry_group=A&FromDate=13&FromMonth=05&FromYear=2000&ToDate=13&ToMonth=11&ToYear=2020&Variable=Issuer
2017-12-31,LUG.TO,USD,,2017-12-31,2017-12-31,2017,Q4,0.0,0.0,0.0,0.0,0.0,3801544.0,0.0,3801544.0,1768261.0,5569805.0,5569805.0,0.0,0.0,21965.0,8459548.0,0.0,-5569805.0,0.0,-13935336.0,-19505141.0,0.0,0.0,-19505141.0,0.0,-0.16333588366033797,-0.16333588366033797,119417366.0,119417366.0,https://www.sedar.com/ModifyCompanyDocumentSearchForm.do?lang=EN&company_search=Lundin Gold Inc.&document_selection=0&industry_group=A&FromDate=13&FromMonth=05&FromYear=2000&ToDate=13&ToMonth=11&ToYear=2020&Variable=Issuer,https://www.sedar.com/ModifyCompanyDocumentSearchForm.do?lang=EN&company_search=Lundin Gold Inc.&document_selection=0&industry_group=A&FromDate=13&FromMonth=05&FromYear=2000&ToDate=13&ToMonth=11&ToYear=2020&Variable=Issuer
2017-09-30,LUG.TO,USD,,2017-09-30,2017-09-30,2017,Q3,0.0,0.0,0.0,0.0,0.0,3221575.0,0.0,3221575.0,1260888.0,4482463.0,4482463.0,0.0,0.0,13928.0,4632635.0,0.0,-4482463.0,0.0,-11549298.0,-16031761.0,0.0,0.0,-16031761.0,0.0,-0.13,-0.13,119417366.0,119417366.0,https://www.sedar.com/ModifyCompanyDocumentSearchForm.do?lang=EN&company_search=Lundin Gold Inc.&document_selection=0&industry_group=A&FromDate=13&FromMonth=05&FromYear=2000&ToDate=13&ToMonth=11&ToYear=2020&Variable=Issuer,https://www.sedar.com/ModifyCompanyDocumentSearchForm.do?lang=EN&company_search=Lundin Gold Inc.&document_selection=0&industry_group=A&FromDate=13&FromMonth=05&FromYear=2000&ToDate=13&ToMonth=11&ToYear=2020&Variable=Issuer
2017-06-30,LUG.TO,USD,,2017-06-30,2017-06-30,2017,Q2,0.0,0.0,0.0,0.0,0.0,3277704.0,0.0,3277704.0,1245023.0,4522727.0,4522727.0,0.0,0.0,18452.0,-9619216.0,0.0,-4522727.0,0.0,5307069.0,784342.0,0.0,0.0,784342.0,0.0,0.0066,0.0066,119417366.0,119417366.0,https://www.sedar.com/ModifyCompanyDocumentSearchForm.do?lang=EN&company_search=Lundin Gold Inc.&document_selection=0&industry_group=A&FromDate=13&FromMonth=05&FromYear=2000&ToDate=13&ToMonth=11&ToYear=2020&Variable=Issuer,https://www.sedar.com/ModifyCompanyDocumentSearchForm.do?lang=EN&company_search=Lundin Gold Inc.&document_selection=0&industry_group=A&FromDate=13&FromMonth=05&FromYear=2000&ToDate=13&ToMonth=11&ToYear=2020&Variable=Issuer
2017-03-31,LUG.TO,USD,,2017-03-31,2017-03-31,2017,Q1,0.0,0.0,0.0,0.0,0.0,3345177.0,0.0,3345177.0,2816828.0,6162005.0,6162005.0,5343.0,190395.0,18655.0,-6138007.0,0.0,-6162005.0,0.0,-225435.0,-6387440.0,0.0,0.0,-6387440.0,0.0,-0.05,-0.05,118743908.0,118743908.0,https://www.sedar.com/ModifyCompanyDocumentSearchForm.do?lang=EN&company_search=Lundin Gold Inc.&document_selection=0&industry_group=A&FromDate=13&FromMonth=05&FromYear=2000&ToDate=13&ToMonth=11&ToYear=2020&Variable=Issuer,https://www.sedar.com/ModifyCompanyDocumentSearchForm.do?lang=EN&company_search=Lundin Gold Inc.&document_selection=0&industry_group=A&FromDate=13&FromMonth=05&FromYear=2000&ToDate=13&ToMonth=11&ToYear=2020&Variable=Issuer
2016-12-31,LUG.TO,USD,,2016-12-31,2016-12-31,2016,Q4,0.0,0.0,0.0,0.0,12070316.0,4653417.0,0.0,4653417.0,1296125.0,18019858.0,18019858.0,41110.0,0.0,279015.0,-11293042.0,0.0,-18019858.0,0.0,-5868840.0,-23888698.0,0.0,0.0,-23888698.0,0.0,-0.21078515573385181,-0.21078515573385181,113331975.0,113331975.0,https://www.sedar.com/ModifyCompanyDocumentSearchForm.do?lang=EN&company_search=Lundin Gold Inc.&document_selection=0&industry_group=A&FromDate=13&FromMonth=05&FromYear=2000&ToDate=13&ToMonth=11&ToYear=2020&Variable=Issuer,https://www.sedar.com/ModifyCompanyDocumentSearchForm.do?lang=EN&company_search=Lundin Gold Inc.&document_selection=0&industry_group=A&FromDate=13&FromMonth=05&FromYear=2000&ToDate=13&ToMonth=11&ToYear=2020&Variable=Issuer
2016-09-30,LUG.TO,USD,,2016-09-30,2016-09-30,2016,Q3,0.0,0.0,0.0,0.0,6159953.0,3198632.0,0.0,3198632.0,1773301.0,11131886.0,11131886.0,52808.0,140625.0,271169.0,-10807909.0,0.0,-11131886.0,0.0,-653128.0,-11785014.0,0.0,0.0,-11785014.0,0.0,-0.1,-0.1,113331975.0,113331975.0,https://www.sedar.com/ModifyCompanyDocumentSearchForm.do?lang=EN&company_search=Lundin Gold Inc.&document_selection=0&industry_group=A&FromDate=13&FromMonth=05&FromYear=2000&ToDate=13&ToMonth=11&ToYear=2020&Variable=Issuer,https://www.sedar.com/ModifyCompanyDocumentSearchForm.do?lang=EN&company_search=Lundin Gold Inc.&document_selection=0&industry_group=A&FromDate=13&FromMonth=05&FromYear=2000&ToDate=13&ToMonth=11&ToYear=2020&Variable=Issuer
2016-06-30,LUG.TO,USD,,2016-06-30,2016-06-30,2016,Q2,0.0,0.0,0.0,0.0,7111135.0,2887160.0,0.0,2887160.0,2474171.0,12472466.0,12472466.0,6290.0,47799.0,274167.0,-12192009.0,0.0,-12472466.0,0.0,41890.0,-12430576.0,0.0,0.0,-12430576.0,0.0,-0.12,-0.12,101264883.0,101264883.0,https://www.sedar.com/ModifyCompanyDocumentSearchForm.do?lang=EN&company_search=Lundin Gold Inc.&document_selection=0&industry_group=A&FromDate=13&FromMonth=05&FromYear=2000&ToDate=13&ToMonth=11&ToYear=2020&Variable=Issuer,https://www.sedar.com/ModifyCompanyDocumentSearchForm.do?lang=EN&company_search=Lundin Gold Inc.&document_selection=0&industry_group=A&FromDate=13&FromMonth=05&FromYear=2000&ToDate=13&ToMonth=11&ToYear=2020&Variable=Issuer
2016-03-31,LUG.TO,USD,,2016-03-31,2016-03-31,2016,Q1,0.0,0.0,0.0,0.0,11565147.0,2616331.0,0.0,2616331.0,319932.0,14501410.0,14501410.0,79972.0,0.0,285012.0,-13928305.0,0.0,-14501410.0,0.0,-208121.0,-14709531.0,0.0,0.0,-14709531.0,0.0,-0.15,-0.15,101260268.0,101260268.0,https://www.sedar.com/ModifyCompanyDocumentSearchForm.do?lang=EN&company_search=Lundin Gold Inc.&document_selection=0&industry_group=A&FromDate=13&FromMonth=05&FromYear=2000&ToDate=13&ToMonth=11&ToYear=2020&Variable=Issuer,https://www.sedar.com/ModifyCompanyDocumentSearchForm.do?lang=EN&company_search=Lundin Gold Inc.&document_selection=0&industry_group=A&FromDate=13&FromMonth=05&FromYear=2000&ToDate=13&ToMonth=11&ToYear=2020&Variable=Issuer
2015-12-31,LUG.TO,USD,,2015-12-31,2015-12-31,2015,Q4,0.0,0.0,0.0,0.0,11233438.0,1575982.0,0.0,1575982.0,441333.0,13250753.0,13250753.0,24622.0,0.0,282186.0,-13433757.0,0.0,-13250753.0,0.0,489812.0,-12760941.0,0.0,0.0,-12760941.0,0.0,-0.12604718372584556,-0.12604718372584556,101239398.0,101239398.0,https://www.sedar.com/ModifyCompanyDocumentSearchForm.do?lang=EN&company_search=Lundin Gold Inc.&document_selection=0&industry_group=A&FromDate=13&FromMonth=05&FromYear=2000&ToDate=13&ToMonth=11&ToYear=2020&Variable=Issuer,https://www.sedar.com/ModifyCompanyDocumentSearchForm.do?lang=EN&company_search=Lundin Gold Inc.&document_selection=0&industry_group=A&FromDate=13&FromMonth=05&FromYear=2000&ToDate=13&ToMonth=11&ToYear=2020&Variable=Issuer
2015-09-30,LUG.TO,USD,,2015-09-30,2015-09-30,2015,Q3,0.0,0.0,0.0,0.0,9794741.0,3158821.0,0.0,3158821.0,731033.0,13684595.0,13684595.0,11959.0,0.0,282261.0,-15472083.0,0.0,-13684595.0,0.0,2081708.0,-11602887.0,0.0,0.0,-11602887.0,0.0,-0.11,-0.11,101239398.0,101239398.0,https://www.sedar.com/ModifyCompanyDocumentSearchForm.do?lang=EN&company_search=Lundin Gold Inc.&document_selection=0&industry_group=A&FromDate=13&FromMonth=05&FromYear=2000&ToDate=13&ToMonth=11&ToYear=2020&Variable=Issuer,https://www.sedar.com/ModifyCompanyDocumentSearchForm.do?lang=EN&company_search=Lundin Gold Inc.&document_selection=0&industry_group=A&FromDate=13&FromMonth=05&FromYear=2000&ToDate=13&ToMonth=11&ToYear=2020&Variable=Issuer
2015-06-30,LUG.TO,USD,,2015-06-30,2015-06-30,2015,Q2,0.0,0.0,0.0,0.0,10029460.0,3113671.0,0.0,3113671.0,280369.0,13423500.0,13423500.0,31830.0,0.0,277094.0,-10640121.0,0.0,-13423500.0,0.0,-2474455.0,-15897955.0,0.0,0.0,-15897955.0,0.0,-0.16,-0.16,101201982.0,101201982.0,https://www.sedar.com/ModifyCompanyDocumentSearchForm.do?lang=EN&company_search=Lundin Gold Inc.&document_selection=0&industry_group=A&FromDate=13&FromMonth=05&FromYear=2000&ToDate=13&ToMonth=11&ToYear=2020&Variable=Issuer,https://www.sedar.com/ModifyCompanyDocumentSearchForm.do?lang=EN&company_search=Lundin Gold Inc.&document_selection=0&industry_group=A&FromDate=13&FromMonth=05&FromYear=2000&ToDate=13&ToMonth=11&ToYear=2020&Variable=Issuer
2015-03-31,LUG.TO,USD,,2015-03-31,2015-03-31,2015,Q1,0.0,0.0,0.0,0.0,5087219.0,3172323.0,0.0,3172323.0,5955.0,8265497.0,8265497.0,39652.0,0.0,278865.0,-11150398.0,0.0,-8265497.0,0.0,3203418.0,-5062079.0,0.0,0.0,-5062079.0,0.0,-0.05,-0.05,101176268.0,101176268.0,https://www.sedar.com/ModifyCompanyDocumentSearchForm.do?lang=EN&company_search=Lundin Gold Inc.&document_selection=0&industry_group=A&FromDate=13&FromMonth=05&FromYear=2000&ToDate=13&ToMonth=11&ToYear=2020&Variable=Issuer,https://www.sedar.com/ModifyCompanyDocumentSearchForm.do?lang=EN&company_search=Lundin Gold Inc.&document_selection=0&industry_group=A&FromDate=13&FromMonth=05&FromYear=2000&ToDate=13&ToMonth=11&ToYear=2020&Variable=Issuer
2014-12-31,LUG.TO,USD,,2014-12-31,2014-12-31,2014,Q4,0.0,0.0,0.0,0.0,-26606.680715,1910138.969073,0.0,1910138.969073,28734.00000100024,1912266.288359,1912266.288359,90140.174452,0.0,0.0,-6114619.82587,0.0,-1912266.288359,0.0,4292493.711965,2380227.423606,0.0,0.0,2380227.423606,0.0,0.16048181365998554,0.16048181365998554,14831758.0,14831758.0,https://www.sedar.com/ModifyCompanyDocumentSearchForm.do?lang=EN&company_search=Lundin Gold Inc.&document_selection=0&industry_group=A&FromDate=13&FromMonth=05&FromYear=2000&ToDate=13&ToMonth=11&ToYear=2020&Variable=Issuer,https://www.sedar.com/ModifyCompanyDocumentSearchForm.do?lang=EN&company_search=Lundin Gold Inc.&document_selection=0&industry_group=A&FromDate=13&FromMonth=05&FromYear=2000&ToDate=13&ToMonth=11&ToYear=2020&Variable=Issuer
2014-09-30,LUG.TO,USD,,2014-09-30,2014-09-30,2014,Q3,0.0,0.0,0.0,0.0,432592.41341,555043.989321,0.0,555043.989321,0.0,987636.402731,987636.402731,47510.258202,0.0,0.0,-1131195.685284,0.0,-987636.402731,0.0,191069.54075499997,-796566.861976,0.0,0.0,-796566.861976,0.0,-0.053755,-0.053755,14831758.0,14831758.0,https://www.sedar.com/ModifyCompanyDocumentSearchForm.do?lang=EN&company_search=Lundin Gold Inc.&document_selection=0&industry_group=A&FromDate=13&FromMonth=05&FromYear=2000&ToDate=13&ToMonth=11&ToYear=2020&Variable=Issuer,https://www.sedar.com/ModifyCompanyDocumentSearchForm.do?lang=EN&company_search=Lundin Gold Inc.&document_selection=0&industry_group=A&FromDate=13&FromMonth=05&FromYear=2000&ToDate=13&ToMonth=11&ToYear=2020&Variable=Issuer
2014-06-30,LUG.TO,USD,,2014-06-30,2014-06-30,2014,Q2,0.0,0.0,0.0,0.0,679738.304792,495684.653526,0.0,495684.653526,0.0,1175422.958318,1175422.958318,52566.806325,0.0,0.0,-1148961.936095,0.0,-1175422.958318,0.0,26105.784101000056,-1149317.174217,0.0,0.0,-1149317.174217,0.0,-0.074984,-0.074984,14831758.0,14831758.0,https://www.sedar.com/ModifyCompanyDocumentSearchForm.do?lang=EN&company_search=Lundin Gold Inc.&document_selection=0&industry_group=A&FromDate=13&FromMonth=05&FromYear=2000&ToDate=13&ToMonth=11&ToYear=2020&Variable=Issuer,https://www.sedar.com/ModifyCompanyDocumentSearchForm.do?lang=EN&company_search=Lundin Gold Inc.&document_selection=0&industry_group=A&FromDate=13&FromMonth=05&FromYear=2000&ToDate=13&ToMonth=11&ToYear=2020&Variable=Issuer
2014-03-31,LUG.TO,USD,,2014-03-31,2014-03-31,2014,Q1,0.0,0.0,0.0,0.0,1218365.629919,106577.828439,0.0,106577.82843900006,0.0,1324943.458358,1324943.458358,51243.916119,0.0,0.0,-1352767.374116,0.0,-1324943.458358,0.0,79067.83187699993,-1245875.626481,0.0,0.0,-1245875.626481,0.0,-0.08142,-0.08142,14831758.0,14831758.0,https://www.sedar.com/ModifyCompanyDocumentSearchForm.do?lang=EN&company_search=Lundin Gold Inc.&document_selection=0&industry_group=A&FromDate=13&FromMonth=05&FromYear=2000&ToDate=13&ToMonth=11&ToYear=2020&Variable=Issuer,https://www.sedar.com/ModifyCompanyDocumentSearchForm.do?lang=EN&company_search=Lundin Gold Inc.&document_selection=0&industry_group=A&FromDate=13&FromMonth=05&FromYear=2000&ToDate=13&ToMonth=11&ToYear=2020&Variable=Issuer
2013-12-31,LUG.TO,USD,,2013-12-31,2013-12-31,2013,Q4,0.0,0.0,0.0,0.0,0.0,158141.129708,0.0,158141.129708,0.0,158141.129708,158141.129708,51708.275815,0.0,0.0,-180413.824636,0.0,-158141.129708,0.0,73980.97074399999,-84160.158964,0.0,0.0,-84160.158964,0.0,-0.0056743212075062175,-0.0056743212075062175,14831758.0,14831758.0,https://www.sedar.com/ModifyCompanyDocumentSearchForm.do?lang=EN&company_search=Lundin Gold Inc.&document_selection=0&industry_group=A&FromDate=13&FromMonth=05&FromYear=2000&ToDate=13&ToMonth=11&ToYear=2020&Variable=Issuer,https://www.sedar.com/ModifyCompanyDocumentSearchForm.do?lang=EN&company_search=Lundin Gold Inc.&document_selection=0&industry_group=A&FromDate=13&FromMonth=05&FromYear=2000&ToDate=13&ToMonth=11&ToYear=2020&Variable=Issuer
2013-09-30,LUG.TO,USD,,2013-09-30,2013-09-30,2013,Q3,0.0,0.0,0.0,0.0,0.0,131895.732759,0.0,131895.732759,0.0,131895.732759,131895.732759,59150.041684,0.0,0.0,-116415.595494,0.0,-131895.732759,0.0,43669.904418000006,-88225.828341,0.0,0.0,-88225.828341,0.0,-0.00595,-0.00595,14831758.0,14831758.0,https://www.sedar.com/ModifyCompanyDocumentSearchForm.do?lang=EN&company_search=Lundin Gold Inc.&document_selection=0&industry_group=A&FromDate=13&FromMonth=05&FromYear=2000&ToDate=13&ToMonth=11&ToYear=2020&Variable=Issuer,https://www.sedar.com/ModifyCompanyDocumentSearchForm.do?lang=EN&company_search=Lundin Gold Inc.&document_selection=0&industry_group=A&FromDate=13&FromMonth=05&FromYear=2000&ToDate=13&ToMonth=11&ToYear=2020&Variable=Issuer
2013-06-30,LUG.TO,USD,,2013-06-30,2013-06-30,2013,Q2,0.0,0.0,0.0,0.0,0.0,115179.250304,0.0,115179.250304,0.0,115179.250304,115179.250304,57481.751825,0.0,0.0,-140358.880779,0.0,-115179.250304,0.0,82661.382299,-32517.868005,0.0,0.0,-32517.868005,0.0,-0.002192,-0.002192,14831758.0,14831758.0,https://www.sedar.com/ModifyCompanyDocumentSearchForm.do?lang=EN&company_search=Lundin Gold Inc.&document_selection=0&industry_group=A&FromDate=13&FromMonth=05&FromYear=2000&ToDate=13&ToMonth=11&ToYear=2020&Variable=Issuer,https://www.sedar.com/ModifyCompanyDocumentSearchForm.do?lang=EN&company_search=Lundin Gold Inc.&document_selection=0&industry_group=A&FromDate=13&FromMonth=05&FromYear=2000&ToDate=13&ToMonth=11&ToYear=2020&Variable=Issuer
2013-03-31,LUG.TO,USD,,2013-03-31,2013-03-31,2013,Q1,0.0,0.0,0.0,0.0,0.0,120248.660868,0.0,120248.660868,0.0,120248.660868,120248.660868,58881.517519,0.0,0.0,-135617.47506,0.0,-120248.660868,0.0,74250.33171200001,-45998.329156,0.0,0.0,-45998.329156,0.0,-0.003101,-0.003101,14831758.0,14831758.0,https://www.sedar.com/ModifyCompanyDocumentSearchForm.do?lang=EN&company_search=Lundin Gold Inc.&document_selection=0&industry_group=A&FromDate=13&FromMonth=05&FromYear=2000&ToDate=13&ToMonth=11&ToYear=2020&Variable=Issuer,https://www.sedar.com/ModifyCompanyDocumentSearchForm.do?lang=EN&company_search=Lundin Gold Inc.&document_selection=0&industry_group=A&FromDate=13&FromMonth=05&FromYear=2000&ToDate=13&ToMonth=11&ToYear=2020&Variable=Issuer
2012-12-31,LUG.TO,USD,,2012-12-31,2012-12-31,2012,Q4,0.0,0.0,0.0,0.0,0.0,162892.228524,0.0,162892.228524,0.0,162892.228524,162892.228524,60603.443522,0.0,0.0,-171909.805781,0.0,-162892.228524,0.0,69621.020779,-93271.207745,0.0,0.0,-93271.207745,0.0,-0.006288614454537352,-0.006288614454537352,14831758.0,14831758.0,https://www.sedar.com/ModifyCompanyDocumentSearchForm.do?lang=EN&company_search=Lundin Gold Inc.&document_selection=0&industry_group=A&FromDate=13&FromMonth=05&FromYear=2000&ToDate=13&ToMonth=11&ToYear=2020&Variable=Issuer,https://www.sedar.com/ModifyCompanyDocumentSearchForm.do?lang=EN&company_search=Lundin Gold Inc.&document_selection=0&industry_group=A&FromDate=13&FromMonth=05&FromYear=2000&ToDate=13&ToMonth=11&ToYear=2020&Variable=Issuer
2012-09-30,LUG.TO,USD,,2012-09-30,2012-09-30,2012,Q3,0.0,0.0,0.0,0.0,0.0,159363.982728,0.0,159363.982728,0.0,159363.982728,159363.982728,63483.870968,0.0,0.0,-133166.370333,0.0,-159363.982728,0.0,37286.258573,-122077.724155,0.0,0.0,-122077.724155,0.0,-0.008230833064765485,-0.008230833064765485,14831758.0,14831758.0,https://www.sedar.com/ModifyCompanyDocumentSearchForm.do?lang=EN&company_search=Lundin Gold Inc.&document_selection=0&industry_group=A&FromDate=13&FromMonth=05&FromYear=2000&ToDate=13&ToMonth=11&ToYear=2020&Variable=Issuer,https://www.sedar.com/ModifyCompanyDocumentSearchForm.do?lang=EN&company_search=Lundin Gold Inc.&document_selection=0&industry_group=A&FromDate=13&FromMonth=05&FromYear=2000&ToDate=13&ToMonth=11&ToYear=2020&Variable=Issuer
2012-06-30,LUG.TO,USD,,2012-06-30,2012-06-30,2012,Q2,0.0,0.0,0.0,0.0,0.0,196666.994396,0.0,196666.994396,0.0,196666.994396,196666.994396,62540.556484,0.0,0.0,-213739.062039,0.0,-196666.994396,0.0,79612.624128,-117054.370268,0.0,0.0,-117054.370268,0.0,-0.00789214402419457,-0.00789214402419457,14831758.0,14831758.0,https://www.sedar.com/ModifyCompanyDocumentSearchForm.do?lang=EN&company_search=Lundin Gold Inc.&document_selection=0&industry_group=A&FromDate=13&FromMonth=05&FromYear=2000&ToDate=13&ToMonth=11&ToYear=2020&Variable=Issuer,https://www.sedar.com/ModifyCompanyDocumentSearchForm.do?lang=EN&company_search=Lundin Gold Inc.&document_selection=0&industry_group=A&FromDate=13&FromMonth=05&FromYear=2000&ToDate=13&ToMonth=11&ToYear=2020&Variable=Issuer
2012-03-31,LUG.TO,USD,,2012-03-31,2012-03-31,2012,Q1,0.0,0.0,0.0,0.0,0.0,173867.155787,0.0,173867.155787,0.0,173867.155787,173867.155787,62981.22701,0.0,0.0,-173867.155787,0.0,-173867.155787,0.0,-17197.382005,0.0,0.0,0.0,-128083.310782,0.0,-0.010023,-0.010023,14831758.0,14831758.0,https://www.sedar.com/ModifyCompanyDocumentSearchForm.do?lang=EN&company_search=Lundin Gold Inc.&document_selection=0&industry_group=A&FromDate=13&FromMonth=05&FromYear=2000&ToDate=13&ToMonth=11&ToYear=2020&Variable=Issuer,https://www.sedar.com/ModifyCompanyDocumentSearchForm.do?lang=EN&company_search=Lundin Gold Inc.&document_selection=0&industry_group=A&FromDate=13&FromMonth=05&FromYear=2000&ToDate=13&ToMonth=11&ToYear=2020&Variable=Issuer
2011-12-31,LUG.TO,USD,,2011-12-31,2011-12-31,2011,Q4,0.0,0.0,0.0,0.0,0.0,147267.24098,0.0,147267.24098,0.0,147267.24098,147267.24098,65168.801134,0.0,0.0,-113626.497027,0.0,-147267.24098,0.0,-22856.295807,0.0,0.0,0.0,-104954.735653,0.0,-0.007076351680832441,-0.007076351680832441,14831758.0,14831758.0,https://www.sedar.com/ModifyCompanyDocumentSearchForm.do?lang=EN&company_search=Lundin Gold Inc.&document_selection=0&industry_group=A&FromDate=13&FromMonth=05&FromYear=2000&ToDate=13&ToMonth=11&ToYear=2020&Variable=Issuer,https://www.sedar.com/ModifyCompanyDocumentSearchForm.do?lang=EN&company_search=Lundin Gold Inc.&document_selection=0&industry_group=A&FromDate=13&FromMonth=05&FromYear=2000&ToDate=13&ToMonth=11&ToYear=2020&Variable=Issuer
2011-09-30,LUG.TO,USD,,2011-09-30,2011-09-30,2011,Q3,0.0,0.0,0.0,0.0,0.0,318236.484533,0.0,318236.484533,0.0,318236.484533,318236.484533,60784.427098,0.0,0.0,-320712.151874,0.0,-318236.484533,0.0,79556.711959,0.0,0.0,0.0,-177895.345476,0.0,-0.009637,-0.009637,14831758.0,14831758.0,https://www.sedar.com/ModifyCompanyDocumentSearchForm.do?lang=EN&company_search=Lundin Gold Inc.&document_selection=0&industry_group=A&FromDate=13&FromMonth=05&FromYear=2000&ToDate=13&ToMonth=11&ToYear=2020&Variable=Issuer,https://www.sedar.com/ModifyCompanyDocumentSearchForm.do?lang=EN&company_search=Lundin Gold Inc.&document_selection=0&industry_group=A&FromDate=13&FromMonth=05&FromYear=2000&ToDate=13&ToMonth=11&ToYear=2020&Variable=Issuer
2011-06-30,LUG.TO,USD,,2011-06-30,2011-06-30,2011,Q2,0.0,0.0,0.0,0.0,0.0,472750.175526,0.0,472750.175526,0.0,472750.175526,472750.175526,0.0,0.0,0.0,-489667.74047,0.0,-472750.175526,0.0,147221.533887,0.0,0.0,0.0,-260857.803659,0.0,-0.02065,-0.02065,14831758.0,14831758.0,https://www.sedar.com/ModifyCompanyDocumentSearchForm.do?lang=EN&company_search=Lundin Gold Inc.&document_selection=0&industry_group=A&FromDate=13&FromMonth=05&FromYear=2000&ToDate=13&ToMonth=11&ToYear=2020&Variable=Issuer,https://www.sedar.com/ModifyCompanyDocumentSearchForm.do?lang=EN&company_search=Lundin Gold Inc.&document_selection=0&industry_group=A&FromDate=13&FromMonth=05&FromYear=2000&ToDate=13&ToMonth=11&ToYear=2020&Variable=Issuer
2011-03-31,LUG.TO,USD,,2011-03-31,2011-03-31,2011,Q1,0.0,0.0,0.0,0.0,0.0,482935.662767,0.0,482935.662767,0.0,482935.662767,482935.662767,56596.804231,0.0,0.0,-482935.662767,0.0,-482935.662767,0.0,-71386.239467,0.0,0.0,0.0,-497725.098003,0.0,-0.041156,-0.041156,13720647.0,13720647.0,https://www.sedar.com/ModifyCompanyDocumentSearchForm.do?lang=EN&company_search=Lundin Gold Inc.&document_selection=0&industry_group=A&FromDate=13&FromMonth=05&FromYear=2000&ToDate=13&ToMonth=11&ToYear=2020&Variable=Issuer,https://www.sedar.com/ModifyCompanyDocumentSearchForm.do?lang=EN&company_search=Lundin Gold Inc.&document_selection=0&industry_group=A&FromDate=13&FromMonth=05&FromYear=2000&ToDate=13&ToMonth=11&ToYear=2020&Variable=Issuer
2010-12-31,LUG.TO,USD,,2010-12-31,2010-12-31,2010,Q4,0.0,0.0,0.0,0.0,0.0,373371.617936,0.0,373371.617936,261199.19673099997,634570.814667,634570.814667,25975.484899,44865.428316,12437.910613,-622132.9040539999,0.0,-634570.814667,0.0,0.0,0.0,0.0,0.0,-908109.059674,0.0,-0.10016783373629132,-0.10016783373629132,9065875.0,9065875.0,https://www.sedar.com/ModifyCompanyDocumentSearchForm.do?lang=EN&company_search=Lundin Gold Inc.&document_selection=0&industry_group=A&FromDate=13&FromMonth=05&FromYear=2000&ToDate=13&ToMonth=11&ToYear=2020&Variable=Issuer,https://www.sedar.com/ModifyCompanyDocumentSearchForm.do?lang=EN&company_search=Lundin Gold Inc.&document_selection=0&industry_group=A&FromDate=13&FromMonth=05&FromYear=2000&ToDate=13&ToMonth=11&ToYear=2020&Variable=Issuer
2010-09-30,LUG.TO,USD,,2010-09-30,2010-09-30,2010,Q3,0.0,0.0,0.0,0.0,0.0,437834.851715,0.0,437834.851715,251894.74704399996,689729.598759,689729.598759,253.925179,140143.438651,63826.590947,2582768.246307,0.0,-689729.598759,0.0,-3199785.811204,0.0,0.0,0.0,-4029404.923435,0.0,-0.387672,-0.387672,9065875.0,9065875.0,https://www.sedar.com/ModifyCompanyDocumentSearchForm.do?lang=EN&company_search=Lundin Gold Inc.&document_selection=0&industry_group=A&FromDate=13&FromMonth=05&FromYear=2000&ToDate=13&ToMonth=11&ToYear=2020&Variable=Issuer,https://www.sedar.com/ModifyCompanyDocumentSearchForm.do?lang=EN&company_search=Lundin Gold Inc.&document_selection=0&industry_group=A&FromDate=13&FromMonth=05&FromYear=2000&ToDate=13&ToMonth=11&ToYear=2020&Variable=Issuer
2010-06-30,LUG.TO,USD,,2010-06-30,2010-06-30,2010,Q2,0.0,0.0,0.0,0.0,0.0,408897.637795,0.0,408897.637795,1126235.651267,1535133.289062,1535133.289062,214.400911,500103.405749,136689.47548,2418488.758182,0.0,-1535133.289062,0.0,-3589481.073902,0.0,0.0,0.0,-5624503.367802,0.0,-0.569206,-0.569206,8985033.0,8985033.0,https://www.sedar.com/ModifyCompanyDocumentSearchForm.do?lang=EN&company_search=Lundin Gold Inc.&document_selection=0&industry_group=A&FromDate=13&FromMonth=05&FromYear=2000&ToDate=13&ToMonth=11&ToYear=2020&Variable=Issuer,https://www.sedar.com/ModifyCompanyDocumentSearchForm.do?lang=EN&company_search=Lundin Gold Inc.&document_selection=0&industry_group=A&FromDate=13&FromMonth=05&FromYear=2000&ToDate=13&ToMonth=11&ToYear=2020&Variable=Issuer
2010-03-31,LUG.TO,USD,,2010-03-31,2010-03-31,2010,Q1,0.0,0.0,0.0,0.0,0.0,420160.878948,0.0,420160.878948,1469870.512066,1890031.391014,1890031.391014,437.512262,129726.309594,151977.633902,-1738053.757112,0.0,-1890031.391014,0.0,51022.169904,0.0,0.0,0.0,-1968298.018442,0.0,-0.196194,-0.196194,8936980.0,8936980.0,https://www.sedar.com/ModifyCompanyDocumentSearchForm.do?lang=EN&company_search=Lundin Gold Inc.&document_selection=0&industry_group=A&FromDate=13&FromMonth=05&FromYear=2000&ToDate=13&ToMonth=11&ToYear=2020&Variable=Issuer,https://www.sedar.com/ModifyCompanyDocumentSearchForm.do?lang=EN&company_search=Lundin Gold Inc.&document_selection=0&industry_group=A&FromDate=13&FromMonth=05&FromYear=2000&ToDate=13&ToMonth=11&ToYear=2020&Variable=Issuer
2009-12-31,LUG.TO,USD,,2009-12-31,2009-12-31,2009,Q4,0.0,0.0,0.0,0.0,0.0,739136.833905,0.0,739136.833905,530759.0897929999,1269895.923698,1269895.923698,552.137285,0.0,194296.914602,-1075599.0090959999,0.0,-1269895.923698,0.0,0.0,0.0,0.0,0.0,-2423356.035687,0.0,-0.2954503713480116,-0.2954503713480116,8202244.0,8202244.0,https://www.sedar.com/ModifyCompanyDocumentSearchForm.do?lang=EN&company_search=Lundin Gold Inc.&document_selection=0&industry_group=A&FromDate=13&FromMonth=05&FromYear=2000&ToDate=13&ToMonth=11&ToYear=2020&Variable=Issuer,https://www.sedar.com/ModifyCompanyDocumentSearchForm.do?lang=EN&company_search=Lundin Gold Inc.&document_selection=0&industry_group=A&FromDate=13&FromMonth=05&FromYear=2000&ToDate=13&ToMonth=11&ToYear=2020&Variable=Issuer
2009-09-30,LUG.TO,USD,,2009-09-30,2009-09-30,2009,Q3,0.0,0.0,0.0,0.0,0.0,347621.854243,0.0,347621.854243,3122926.372906,3470548.227149,3470548.227149,928.056881,0.0,84671.684123,-3385876.543026,0.0,-3470548.227149,0.0,-211387.407615,0.0,0.0,0.0,-3013763.68229,0.0,-0.374216,-0.374216,8202244.0,8202244.0,https://www.sedar.com/ModifyCompanyDocumentSearchForm.do?lang=EN&company_search=Lundin Gold Inc.&document_selection=0&industry_group=A&FromDate=13&FromMonth=05&FromYear=2000&ToDate=13&ToMonth=11&ToYear=2020&Variable=Issuer,https://www.sedar.com/ModifyCompanyDocumentSearchForm.do?lang=EN&company_search=Lundin Gold Inc.&document_selection=0&industry_group=A&FromDate=13&FromMonth=05&FromYear=2000&ToDate=13&ToMonth=11&ToYear=2020&Variable=Issuer
2009-06-30,LUG.TO,USD,,2009-06-30,2009-06-30,2009,Q2,0.0,0.0,0.0,0.0,0.0,496241.870882,0.0,496241.870882,1394618.200611,1890860.071493,1890860.071493,920.797623,0.0,113421.269464,-1777438.8020290001,0.0,-1890860.071493,0.0,-25357.681209,0.0,0.0,0.0,-1300635.686291,0.0,-0.172273,-0.172273,7825321.0,7825321.0,https://www.sedar.com/ModifyCompanyDocumentSearchForm.do?lang=EN&company_search=Lundin Gold Inc.&document_selection=0&industry_group=A&FromDate=13&FromMonth=05&FromYear=2000&ToDate=13&ToMonth=11&ToYear=2020&Variable=Issuer,https://www.sedar.com/ModifyCompanyDocumentSearchForm.do?lang=EN&company_search=Lundin Gold Inc.&document_selection=0&industry_group=A&FromDate=13&FromMonth=05&FromYear=2000&ToDate=13&ToMonth=11&ToYear=2020&Variable=Issuer
2009-03-31,LUG.TO,USD,,2009-03-31,2009-03-31,2009,Q1,0.0,0.0,0.0,0.0,0.0,356288.904728,0.0,356288.904728,1790201.948206,2146490.852934,2146490.852934,780.866397,0.0,120957.472084,-2025533.380851,0.0,-2146490.852934,0.0,80961.431852,0.0,0.0,0.0,-2064748.554684,0.0,-0.316781,-0.316781,7502244.0,7502244.0,https://www.sedar.com/ModifyCompanyDocumentSearchForm.do?lang=EN&company_search=Lundin Gold Inc.&document_selection=0&industry_group=A&FromDate=13&FromMonth=05&FromYear=2000&ToDate=13&ToMonth=11&ToYear=2020&Variable=Issuer,https://www.sedar.com/ModifyCompanyDocumentSearchForm.do?lang=EN&company_search=Lundin Gold Inc.&document_selection=0&industry_group=A&FromDate=13&FromMonth=05&FromYear=2000&ToDate=13&ToMonth=11&ToYear=2020&Variable=Issuer
2008-12-31,LUG.TO,USD,,2008-12-31,2008-12-31,2008,Q4,0.0,0.0,0.0,0.0,0.0,0.0,0.0,196807.626264,1396735.1080429999,1593542.734307,1593542.734307,0.0,0.0,45933.267314,-1547609.466993,0.0,-1593542.734307,0.0,142989.326068,0.0,0.0,0.0,-1367688.835086,0.0,-0.2617854836565052,-0.2617854836565052,5224464.0,5224464.0,https://www.sedar.com/ModifyCompanyDocumentSearchForm.do?lang=EN&company_search=Lundin Gold Inc.&document_selection=0&industry_group=A&FromDate=13&FromMonth=05&FromYear=2000&ToDate=13&ToMonth=11&ToYear=2020&Variable=Issuer,https://www.sedar.com/ModifyCompanyDocumentSearchForm.do?lang=EN&company_search=Lundin Gold Inc.&document_selection=0&industry_group=A&FromDate=13&FromMonth=05&FromYear=2000&ToDate=13&ToMonth=11&ToYear=2020&Variable=Issuer
2008-09-30,LUG.TO,USD,,2008-09-30,2008-09-30,2008,Q3,0.0,0.0,0.0,0.0,0.0,0.0,0.0,526925.184206,3606307.387115,4133232.571321,4133232.571321,0.0,0.0,69552.322708,-4057710.183261,0.0,-4133232.571321,0.0,77175.514831,0.0,0.0,0.0,-4821870.394861,0.0,-0.944644,-0.944644,5224464.0,5224464.0,https://www.sedar.com/ModifyCompanyDocumentSearchForm.do?lang=EN&company_search=Lundin Gold Inc.&document_selection=0&industry_group=A&FromDate=13&FromMonth=05&FromYear=2000&ToDate=13&ToMonth=11&ToYear=2020&Variable=Issuer,https://www.sedar.com/ModifyCompanyDocumentSearchForm.do?lang=EN&company_search=Lundin Gold Inc.&document_selection=0&industry_group=A&FromDate=13&FromMonth=05&FromYear=2000&ToDate=13&ToMonth=11&ToYear=2020&Variable=Issuer
2008-06-30,LUG.TO,USD,,2008-06-30,2008-06-30,2008,Q2,0.0,0.0,0.0,0.0,0.0,0.0,0.0,1298565.533504,3488259.9724890003,4786825.505993,4786825.505993,0.0,0.0,79354.267477,-4707471.238516,0.0,-4786825.505993,0.0,31463.941835,0.0,0.0,0.0,-4697808.017292,0.0,-0.982511,-0.982511,4852391.0,4852391.0,https://www.sedar.com/ModifyCompanyDocumentSearchForm.do?lang=EN&company_search=Lundin Gold Inc.&document_selection=0&industry_group=A&FromDate=13&FromMonth=05&FromYear=2000&ToDate=13&ToMonth=11&ToYear=2020&Variable=Issuer,https://www.sedar.com/ModifyCompanyDocumentSearchForm.do?lang=EN&company_search=Lundin Gold Inc.&document_selection=0&industry_group=A&FromDate=13&FromMonth=05&FromYear=2000&ToDate=13&ToMonth=11&ToYear=2020&Variable=Issuer
2008-03-31,LUG.TO,USD,,2008-03-31,2008-03-31,2008,Q1,0.0,0.0,0.0,0.0,0.0,0.0,0.0,928106.480132,2276543.281842,3204649.761974,3204649.761974,0.0,0.0,75545.51637,-3129104.245604,0.0,-3204649.761974,0.0,-52179.150879,0.0,0.0,0.0,-3175853.492665,0.0,-0.58292,-0.58292,4727882.0,4727882.0,https://www.sedar.com/ModifyCompanyDocumentSearchForm.do?lang=EN&company_search=Lundin Gold Inc.&document_selection=0&industry_group=A&FromDate=13&FromMonth=05&FromYear=2000&ToDate=13&ToMonth=11&ToYear=2020&Variable=Issuer,https://www.sedar.com/ModifyCompanyDocumentSearchForm.do?lang=EN&company_search=Lundin Gold Inc.&document_selection=0&industry_group=A&FromDate=13&FromMonth=05&FromYear=2000&ToDate=13&ToMonth=11&ToYear=2020&Variable=Issuer
2007-12-31,LUG.TO,USD,,2007-12-31,2007-12-31,2007,Q4,0.0,0.0,0.0,0.0,0.0,0.0,0.0,-440733.424654,2397928.983867,1957195.559213,1957195.559213,0.0,0.0,-8840.910641,-1966036.469853,0.0,-1957195.559213,0.0,-1250111.322068,0.0,0.0,0.0,-3200500.520337,0.0,-0.7553962307697936,-0.7553962307697936,4236850.0,4236850.0,https://www.sedar.com/ModifyCompanyDocumentSearchForm.do?lang=EN&company_search=Lundin Gold Inc.&document_selection=0&industry_group=A&FromDate=13&FromMonth=05&FromYear=2000&ToDate=13&ToMonth=11&ToYear=2020&Variable=Issuer,https://www.sedar.com/ModifyCompanyDocumentSearchForm.do?lang=EN&company_search=Lundin Gold Inc.&document_selection=0&industry_group=A&FromDate=13&FromMonth=05&FromYear=2000&ToDate=13&ToMonth=11&ToYear=2020&Variable=Issuer
2007-09-30,LUG.TO,USD,,2007-09-30,2007-09-30,2007,Q3,0.0,0.0,0.0,0.0,0.0,0.0,0.0,888500.20145,1523319.903304,2411820.104754,2411820.104754,0.0,0.0,95811.844813,-2316008.259941,0.0,-2411820.104754,0.0,155130.942788,0.0,0.0,0.0,-2186886.5834,0.0,-0.604351,-0.604351,4236850.0,4236850.0,https://www.sedar.com/ModifyCompanyDocumentSearchForm.do?lang=EN&company_search=Lundin Gold Inc.&document_selection=0&industry_group=A&FromDate=13&FromMonth=05&FromYear=2000&ToDate=13&ToMonth=11&ToYear=2020&Variable=Issuer,https://www.sedar.com/ModifyCompanyDocumentSearchForm.do?lang=EN&company_search=Lundin Gold Inc.&document_selection=0&industry_group=A&FromDate=13&FromMonth=05&FromYear=2000&ToDate=13&ToMonth=11&ToYear=2020&Variable=Issuer
2007-06-30,LUG.TO,USD,,2007-06-30,2007-06-30,2007,Q2,0.0,0.0,0.0,0.0,0.0,0.0,0.0,661246.594645,69563.17520000006,730809.769845,730809.769845,0.0,0.0,75600.245259,-655209.524586,0.0,-730809.769845,0.0,95147.956787,0.0,0.0,0.0,-552806.012212,0.0,-0.13048,-0.13048,4236850.0,4236850.0,https://www.sedar.com/ModifyCompanyDocumentSearchForm.do?lang=EN&company_search=Lundin Gold Inc.&document_selection=0&industry_group=A&FromDate=13&FromMonth=05&FromYear=2000&ToDate=13&ToMonth=11&ToYear=2020&Variable=Issuer,https://www.sedar.com/ModifyCompanyDocumentSearchForm.do?lang=EN&company_search=Lundin Gold Inc.&document_selection=0&industry_group=A&FromDate=13&FromMonth=05&FromYear=2000&ToDate=13&ToMonth=11&ToYear=2020&Variable=Issuer
2007-03-31,LUG.TO,USD,,2007-03-31,2007-03-31,2007,Q1,0.0,0.0,0.0,0.0,0.0,0.0,0.0,275371.012483,72126.38696199999,347497.399445,347497.399445,0.0,0.0,72126.386963,-275371.012483,0.0,-347497.399445,0.0,-20009.535368,0.0,0.0,0.0,-273619.972261,0.0,-0.064655,-0.064655,4232024.0,4232024.0,https://www.sedar.com/ModifyCompanyDocumentSearchForm.do?lang=EN&company_search=Lundin Gold Inc.&document_selection=0&industry_group=A&FromDate=13&FromMonth=05&FromYear=2000&ToDate=13&ToMonth=11&ToYear=2020&Variable=Issuer,https://www.sedar.com/ModifyCompanyDocumentSearchForm.do?lang=EN&company_search=Lundin Gold Inc.&document_selection=0&industry_group=A&FromDate=13&FromMonth=05&FromYear=2000&ToDate=13&ToMonth=11&ToYear=2020&Variable=Issuer
2006-12-31,LUG.TO,USD,,2006-12-31,2006-12-31,2006,Q4,0.0,0.0,0.0,0.0,0.0,0.0,0.0,289964.323104,53357.84134699998,343322.164451,343322.164451,0.0,0.0,64888.380484,-278433.78396699997,0.0,-343322.164451,0.0,151223.016551,0.0,0.0,0.0,-154663.032977,0.0,-0.04369967698502441,-0.04369967698502441,3539226.0,3539226.0,https://www.sedar.com/ModifyCompanyDocumentSearchForm.do?lang=EN&company_search=Lundin Gold Inc.&document_selection=0&industry_group=A&FromDate=13&FromMonth=05&FromYear=2000&ToDate=13&ToMonth=11&ToYear=2020&Variable=Issuer,https://www.sedar.com/ModifyCompanyDocumentSearchForm.do?lang=EN&company_search=Lundin Gold Inc.&document_selection=0&industry_group=A&FromDate=13&FromMonth=05&FromYear=2000&ToDate=13&ToMonth=11&ToYear=2020&Variable=Issuer
2006-09-30,LUG.TO,USD,,2006-09-30,2006-09-30,2006,Q3,0.0,0.0,0.0,0.0,0.0,0.0,0.0,181723.087946,16505.463011999993,198228.550958,198228.550958,0.0,0.0,13914.146346,-184258.463192,0.0,-198228.550958,0.0,41521.583378,0.0,0.0,0.0,-144638.187354,0.0,-0.040867,-0.040867,3539226.0,3539226.0,https://www.sedar.com/ModifyCompanyDocumentSearchForm.do?lang=EN&company_search=Lundin Gold Inc.&document_selection=0&industry_group=A&FromDate=13&FromMonth=05&FromYear=2000&ToDate=13&ToMonth=11&ToYear=2020&Variable=Issuer,https://www.sedar.com/ModifyCompanyDocumentSearchForm.do?lang=EN&company_search=Lundin Gold Inc.&document_selection=0&industry_group=A&FromDate=13&FromMonth=05&FromYear=2000&ToDate=13&ToMonth=11&ToYear=2020&Variable=Issuer
2006-06-30,LUG.TO,USD,,2006-06-30,2006-06-30,2006,Q2,0.0,0.0,0.0,0.0,0.0,0.0,0.0,317853.168192,12819.960510000004,330673.128702,330673.128702,0.0,0.0,13404.511988,-317268.616714,0.0,-330673.128702,0.0,-69369.951535,0.0,0.0,0.0,-370118.470652,0.0,-0.10458,-0.10458,3539226.0,3539226.0,https://www.sedar.com/ModifyCompanyDocumentSearchForm.do?lang=EN&company_search=Lundin Gold Inc.&document_selection=0&industry_group=A&FromDate=13&FromMonth=05&FromYear=2000&ToDate=13&ToMonth=11&ToYear=2020&Variable=Issuer,https://www.sedar.com/ModifyCompanyDocumentSearchForm.do?lang=EN&company_search=Lundin Gold Inc.&document_selection=0&industry_group=A&FromDate=13&FromMonth=05&FromYear=2000&ToDate=13&ToMonth=11&ToYear=2020&Variable=Issuer
2006-03-31,LUG.TO,USD,,2006-03-31,2006-03-31,2006,Q1,0.0,0.0,0.0,0.0,0.0,0.0,0.0,402916.452222,21237.77663400001,424154.228856,424154.228856,0.0,0.0,12622.233659,-411531.995196,0.0,-424154.228856,0.0,-7785.211872,0.0,0.0,0.0,-418160.06176,0.0,-0.11815,-0.11815,3539226.0,3539226.0,https://www.sedar.com/ModifyCompanyDocumentSearchForm.do?lang=EN&company_search=Lundin Gold Inc.&document_selection=0&industry_group=A&FromDate=13&FromMonth=05&FromYear=2000&ToDate=13&ToMonth=11&ToYear=2020&Variable=Issuer,https://www.sedar.com/ModifyCompanyDocumentSearchForm.do?lang=EN&company_search=Lundin Gold Inc.&document_selection=0&industry_group=A&FromDate=13&FromMonth=05&FromYear=2000&ToDate=13&ToMonth=11&ToYear=2020&Variable=Issuer
2005-12-31,LUG.TO,USD,,2005-12-31,2005-12-31,2005,Q4,0.0,0.0,0.0,0.0,0.0,0.0,0.0,386203.754456,183678.07558300003,569881.830039,569881.830039,0.0,0.0,6093.264149,-560602.063223,0.0,-569881.830039,0.0,466108.363849,0.0,0.0,0.0,-104013.892236,0.0,-0.03257693699177761,-0.03257693699177761,3192869.0,3192869.0,https://www.sedar.com/ModifyCompanyDocumentSearchForm.do?lang=EN&company_search=Lundin Gold Inc.&document_selection=0&industry_group=A&FromDate=13&FromMonth=05&FromYear=2000&ToDate=13&ToMonth=11&ToYear=2020&Variable=Issuer,https://www.sedar.com/ModifyCompanyDocumentSearchForm.do?lang=EN&company_search=Lundin Gold Inc.&document_selection=0&industry_group=A&FromDate=13&FromMonth=05&FromYear=2000&ToDate=13&ToMonth=11&ToYear=2020&Variable=Issuer
2005-09-30,LUG.TO,USD,,2005-09-30,2005-09-30,2005,Q3,0.0,0.0,0.0,0.0,0.0,0.0,0.0,251644.949039,1085.451338999992,252730.400378,252730.400378,0.0,0.0,1100.125745,710798.659268,0.0,-252730.400378,0.0,-1411533.135509,0.0,0.0,0.0,-1661533.565561,0.0,-0.516062,-0.516062,3192869.0,3192869.0,https://www.sedar.com/ModifyCompanyDocumentSearchForm.do?lang=EN&company_search=Lundin Gold Inc.&document_selection=0&industry_group=A&FromDate=13&FromMonth=05&FromYear=2000&ToDate=13&ToMonth=11&ToYear=2020&Variable=Issuer,https://www.sedar.com/ModifyCompanyDocumentSearchForm.do?lang=EN&company_search=Lundin Gold Inc.&document_selection=0&industry_group=A&FromDate=13&FromMonth=05&FromYear=2000&ToDate=13&ToMonth=11&ToYear=2020&Variable=Issuer
2005-06-30,LUG.TO,USD,,2005-06-30,2005-06-30,2005,Q2,0.0,0.0,0.0,0.0,0.0,0.0,0.0,499040.847646,273.46045800001593,499314.308104,499314.308104,0.0,0.0,273.460458,-499040.847646,0.0,-499314.308104,0.0,40892.542284,0.0,0.0,0.0,-452294.618951,0.0,-0.16326,-0.16326,2957444.0,2957444.0,https://www.sedar.com/ModifyCompanyDocumentSearchForm.do?lang=EN&company_search=Lundin Gold Inc.&document_selection=0&industry_group=A&FromDate=13&FromMonth=05&FromYear=2000&ToDate=13&ToMonth=11&ToYear=2020&Variable=Issuer,https://www.sedar.com/ModifyCompanyDocumentSearchForm.do?lang=EN&company_search=Lundin Gold Inc.&document_selection=0&industry_group=A&FromDate=13&FromMonth=05&FromYear=2000&ToDate=13&ToMonth=11&ToYear=2020&Variable=Issuer
2005-03-31,LUG.TO,USD,,2005-03-31,2005-03-31,2005,Q1,0.0,0.0,0.0,0.0,0.0,0.0,0.0,370317.434075,0.0,370317.434075,370317.434075,0.0,0.0,0.0,1550178.556667,0.0,-370317.434075,0.0,-1920495.990742,0.0,0.0,0.0,-2289055.137637,0.0,-0.991981,-0.991981,2490691.0,2490691.0,https://www.sedar.com/ModifyCompanyDocumentSearchForm.do?lang=EN&company_search=Lundin Gold Inc.&document_selection=0&industry_group=A&FromDate=13&FromMonth=05&FromYear=2000&ToDate=13&ToMonth=11&ToYear=2020&Variable=Issuer,https://www.sedar.com/ModifyCompanyDocumentSearchForm.do?lang=EN&company_search=Lundin Gold Inc.&document_selection=0&industry_group=A&FromDate=13&FromMonth=05&FromYear=2000&ToDate=13&ToMonth=11&ToYear=2020&Variable=Issuer
2004-12-31,LUG.TO,USD,,2004-12-31,2004-12-31,2004,Q4,0.0,0.0,0.0,0.0,0.0,0.0,0.0,285309.577816,5893.656313000014,291203.234129,291203.234129,0.0,0.0,0.0,-291203.234129,0.0,-291203.234129,0.0,78433.219723,0.0,0.0,0.0,-218618.459129,0.0,-0.09511316211030715,-0.09511316211030715,2298509.0,2298509.0,https://www.sedar.com/ModifyCompanyDocumentSearchForm.do?lang=EN&company_search=Lundin Gold Inc.&document_selection=0&industry_group=A&FromDate=13&FromMonth=05&FromYear=2000&ToDate=13&ToMonth=11&ToYear=2020&Variable=Issuer,https://www.sedar.com/ModifyCompanyDocumentSearchForm.do?lang=EN&company_search=Lundin Gold Inc.&document_selection=0&industry_group=A&FromDate=13&FromMonth=05&FromYear=2000&ToDate=13&ToMonth=11&ToYear=2020&Variable=Issuer
2004-09-30,LUG.TO,USD,,2004-09-30,2004-09-30,2004,Q3,0.0,0.0,0.0,0.0,0.0,0.0,0.0,293061.315107,0.0,293061.315107,293061.315107,0.0,0.0,0.0,-293061.315107,0.0,-293061.315107,0.0,-39998.731357,0.0,0.0,0.0,-332531.973771,0.0,-0.142722,-0.142722,2298509.0,2298509.0,https://www.sedar.com/ModifyCompanyDocumentSearchForm.do?lang=EN&company_search=Lundin Gold Inc.&document_selection=0&industry_group=A&FromDate=13&FromMonth=05&FromYear=2000&ToDate=13&ToMonth=11&ToYear=2020&Variable=Issuer,https://www.sedar.com/ModifyCompanyDocumentSearchForm.do?lang=EN&company_search=Lundin Gold Inc.&document_selection=0&industry_group=A&FromDate=13&FromMonth=05&FromYear=2000&ToDate=13&ToMonth=11&ToYear=2020&Variable=Issuer
2004-06-30,LUG.TO,USD,,2004-06-30,2004-06-30,2004,Q2,0.0,0.0,0.0,0.0,0.0,0.0,0.0,246413.783792,0.0,246413.783792,246413.783792,0.0,0.0,0.0,-246413.783792,0.0,-246413.783792,0.0,34486.483243,0.0,0.0,0.0,-211868.042846,0.0,-0.330043,-0.330043,632439.0,632439.0,https://www.sedar.com/ModifyCompanyDocumentSearchForm.do?lang=EN&company_search=Lundin Gold Inc.&document_selection=0&industry_group=A&FromDate=13&FromMonth=05&FromYear=2000&ToDate=13&ToMonth=11&ToYear=2020&Variable=Issuer,https://www.sedar.com/ModifyCompanyDocumentSearchForm.do?lang=EN&company_search=Lundin Gold Inc.&document_selection=0&industry_group=A&FromDate=13&FromMonth=05&FromYear=2000&ToDate=13&ToMonth=11&ToYear=2020&Variable=Issuer
2004-03-31,LUG.TO,USD,,2004-03-31,2004-03-31,2004,Q1,5057.122375,0.0,0.0,0.0,0.0,0.0,0.0,50506.398621,0.0,50506.398621,50506.398621,0.0,0.0,0.0,-45449.276247,-8.987181419947348,-45449.276247,-8.987181419947348,4575.891155,0.0,0.0,0.0,-45449.276247,-8.987181419947348,-0.094568,-0.094568,479691.0,479691.0,https://www.sedar.com/ModifyCompanyDocumentSearchForm.do?lang=EN&company_search=Lundin Gold Inc.&document_selection=0&industry_group=A&FromDate=13&FromMonth=05&FromYear=2000&ToDate=13&ToMonth=11&ToYear=2020&Variable=Issuer,https://www.sedar.com/ModifyCompanyDocumentSearchForm.do?lang=EN&company_search=Lundin Gold Inc.&document_selection=0&industry_group=A&FromDate=13&FromMonth=05&FromYear=2000&ToDate=13&ToMonth=11&ToYear=2020&Variable=Issuer
2003-12-31,LUG.TO,USD,,2003-12-31,2003-12-31,2003,Q4,0.0,0.0,0.0,0.0,0.0,0.0,0.0,118533.401022,4385.511694000001,122918.912716,122918.912716,0.0,0.0,0.0,-119707.857556,0.0,-119707.857556,0.0,66447.59295,0.0,0.0,0.0,-53441.76139,0.0,-0.11140872226078871,-0.11140872226078871,479691.0,479691.0,https://www.sedar.com/ModifyCompanyDocumentSearchForm.do?lang=EN&company_search=Lundin Gold Inc.&document_selection=0&industry_group=A&FromDate=13&FromMonth=05&FromYear=2000&ToDate=13&ToMonth=11&ToYear=2020&Variable=Issuer,https://www.sedar.com/ModifyCompanyDocumentSearchForm.do?lang=EN&company_search=Lundin Gold Inc.&document_selection=0&industry_group=A&FromDate=13&FromMonth=05&FromYear=2000&ToDate=13&ToMonth=11&ToYear=2020&Variable=Issuer
2003-09-30,LUG.TO,USD,,2003-09-30,2003-09-30,2003,Q3,0.0,0.0,0.0,0.0,0.0,0.0,0.0,33355.273375,0.0,33355.273375,33355.273375,0.0,0.0,0.0,-33355.273375,0.0,-33355.273375,0.0,11404.631074,0.0,0.0,0.0,-20815.430012,0.0,-0.044373,-0.044373,479691.0,479691.0,https://www.sedar.com/ModifyCompanyDocumentSearchForm.do?lang=EN&company_search=Lundin Gold Inc.&document_selection=0&industry_group=A&FromDate=13&FromMonth=05&FromYear=2000&ToDate=13&ToMonth=11&ToYear=2020&Variable=Issuer,https://www.sedar.com/ModifyCompanyDocumentSearchForm.do?lang=EN&company_search=Lundin Gold Inc.&document_selection=0&industry_group=A&FromDate=13&FromMonth=05&FromYear=2000&ToDate=13&ToMonth=11&ToYear=2020&Variable=Issuer
2003-06-30,LUG.TO,USD,,2003-06-30,2003-06-30,2003,Q2,0.0,0.0,0.0,0.0,0.0,0.0,0.0,34310.828669,0.0,34310.828669,34310.828669,0.0,0.0,0.0,-34310.828669,0.0,-34310.828669,0.0,-61775.230516,0.0,0.0,0.0,-95807.658614,0.0,-0.193024,-0.193024,479691.0,479691.0,https://www.sedar.com/ModifyCompanyDocumentSearchForm.do?lang=EN&company_search=Lundin Gold Inc.&document_selection=0&industry_group=A&FromDate=13&FromMonth=05&FromYear=2000&ToDate=13&ToMonth=11&ToYear=2020&Variable=Issuer,https://www.sedar.com/ModifyCompanyDocumentSearchForm.do?lang=EN&company_search=Lundin Gold Inc.&document_selection=0&industry_group=A&FromDate=13&FromMonth=05&FromYear=2000&ToDate=13&ToMonth=11&ToYear=2020&Variable=Issuer
2003-03-31,LUG.TO,USD,,2003-03-31,2003-03-31,2003,Q1,0.0,0.0,0.0,0.0,0.0,0.0,0.0,31198.13596,0.0,31198.13596,31198.13596,0.0,0.0,0.0,-31198.13596,0.0,-31198.13596,0.0,2637.99752,0.0,0.0,0.0,-26774.448487,0.0,-0.054504,-0.054504,479691.0,479691.0,https://www.sedar.com/ModifyCompanyDocumentSearchForm.do?lang=EN&company_search=Lundin Gold Inc.&document_selection=0&industry_group=A&FromDate=13&FromMonth=05&FromYear=2000&ToDate=13&ToMonth=11&ToYear=2020&Variable=Issuer,https://www.sedar.com/ModifyCompanyDocumentSearchForm.do?lang=EN&company_search=Lundin Gold Inc.&document_selection=0&industry_group=A&FromDate=13&FromMonth=05&FromYear=2000&ToDate=13&ToMonth=11&ToYear=2020&Variable=Issuer
2002-12-31,LUG.TO,USD,,2002-12-31,2002-12-31,2002,Q4,1975.871414,0.0,0.0,0.0,0.0,0.0,0.0,101756.710067,1082.6272429999954,102839.33731,102839.33731,0.0,0.0,1082.627243,-348372.45796699997,-176.31332459117198,-100863.465896,-51.04758598223234,-298306.030023,0.0,0.0,0.0,-349455.08521,-176.86124852758257,-0.7524645794700418,-0.7524645794700418,464414.0,464414.0,https://www.sedar.com/ModifyCompanyDocumentSearchForm.do?lang=EN&company_search=Lundin Gold Inc.&document_selection=0&industry_group=A&FromDate=13&FromMonth=05&FromYear=2000&ToDate=13&ToMonth=11&ToYear=2020&Variable=Issuer,https://www.sedar.com/ModifyCompanyDocumentSearchForm.do?lang=EN&company_search=Lundin Gold Inc.&document_selection=0&industry_group=A&FromDate=13&FromMonth=05&FromYear=2000&ToDate=13&ToMonth=11&ToYear=2020&Variable=Issuer
2002-09-30,LUG.TO,USD,,2002-09-30,2002-09-30,2002,Q3,599.224977,0.0,0.0,0.0,0.0,0.0,0.0,48256.198607,1993.005892000001,50249.204499,50249.204499,0.0,0.0,1993.005891,-530613.402225,-885.499474473675,-49649.979522,-82.8569926617061,-491095.428625,0.0,0.0,0.0,-532606.408116,-888.8254471341905,-1.310608,-1.310608,464414.0,464414.0,https://www.sedar.com/ModifyCompanyDocumentSearchForm.do?lang=EN&company_search=Lundin Gold Inc.&document_selection=0&industry_group=A&FromDate=13&FromMonth=05&FromYear=2000&ToDate=13&ToMonth=11&ToYear=2020&Variable=Issuer,https://www.sedar.com/ModifyCompanyDocumentSearchForm.do?lang=EN&company_search=Lundin Gold Inc.&document_selection=0&industry_group=A&FromDate=13&FromMonth=05&FromYear=2000&ToDate=13&ToMonth=11&ToYear=2020&Variable=Issuer
2002-06-30,LUG.TO,USD,,2002-06-30,2002-06-30,2002,Q2,0.0,0.0,0.0,0.0,0.0,0.0,0.0,3365.644576,0.0,3365.644576,3365.644576,0.0,0.0,0.0,-3365.644576,0.0,-3365.644576,0.0,-4063.963073,0.0,0.0,0.0,2284.207056,0.0,0.0049825540385785745,0.0049825540385785745,458441.0,458441.0,https://www.sedar.com/ModifyCompanyDocumentSearchForm.do?lang=EN&company_search=Lundin Gold Inc.&document_selection=0&industry_group=A&FromDate=13&FromMonth=05&FromYear=2000&ToDate=13&ToMonth=11&ToYear=2020&Variable=Issuer,https://www.sedar.com/ModifyCompanyDocumentSearchForm.do?lang=EN&company_search=Lundin Gold Inc.&document_selection=0&industry_group=A&FromDate=13&FromMonth=05&FromYear=2000&ToDate=13&ToMonth=11&ToYear=2020&Variable=Issuer
2002-03-31,LUG.TO,USD,,2002-03-31,2002-03-31,2002,Q1,0.0,0.0,0.0,0.0,0.0,0.0,0.0,67784.814095,0.0,67784.814095,67784.814095,0.0,0.0,0.0,-67784.814095,0.0,-67784.814095,0.0,-6962.191987,0.0,0.0,0.0,-70767.446235,0.0,-0.15048,-0.15048,456191.0,456191.0,https://www.sedar.com/ModifyCompanyDocumentSearchForm.do?lang=EN&company_search=Lundin Gold Inc.&document_selection=0&industry_group=A&FromDate=13&FromMonth=05&FromYear=2000&ToDate=13&ToMonth=11&ToYear=2020&Variable=Issuer,https://www.sedar.com/ModifyCompanyDocumentSearchForm.do?lang=EN&company_search=Lundin Gold Inc.&document_selection=0&industry_group=A&FromDate=13&FromMonth=05&FromYear=2000&ToDate=13&ToMonth=11&ToYear=2020&Variable=Issuer
2001-08-31,LUG.TO,USD,,2001-08-31,2001-08-31,2001,Q3,9695.348266,0.0,0.0,0.0,0.0,0.0,0.0,51350.575135,-18.29884999999922,51332.276285,51332.276285,0.0,0.0,-18.29885,43521.953367,4.488952038950924,-41636.928019,-4.294526289995574,97115.205751,55478.277732,5.722154192908494,0.0,43540.252217,4.4908394234468645,0.09544303201290688,0.09544303201290688,456191.0,456191.0,https://www.sedar.com/ModifyCompanyDocumentSearchForm.do?lang=EN&company_search=Lundin Gold Inc.&document_selection=0&industry_group=A&FromDate=13&FromMonth=05&FromYear=2000&ToDate=13&ToMonth=11&ToYear=2020&Variable=Issuer,https://www.sedar.com/ModifyCompanyDocumentSearchForm.do?lang=EN&company_search=Lundin Gold Inc.&document_selection=0&industry_group=A&FromDate=13&FromMonth=05&FromYear=2000&ToDate=13&ToMonth=11&ToYear=2020&Variable=Issuer
2001-05-31,LUG.TO,USD,,2001-05-31,2001-05-31,2001,Q2,21556.142359,0.0,0.0,0.0,0.0,0.0,0.0,36156.277642,0.0,36156.277642,36156.277642,0.0,0.0,-1.493858,-15700.801834,-0.7283678857058896,-14600.135283,-0.6773074254125173,-1099.1726930000004,-15699.307976,-0.7282985849017327,0.0,-15699.307976,-0.7282985849017327,-0.039024,-0.039024,456191.0,456191.0,https://www.sedar.com/ModifyCompanyDocumentSearchForm.do?lang=EN&company_search=Lundin Gold Inc.&document_selection=0&industry_group=A&FromDate=13&FromMonth=05&FromYear=2000&ToDate=13&ToMonth=11&ToYear=2020&Variable=Issuer,https://www.sedar.com/ModifyCompanyDocumentSearchForm.do?lang=EN&company_search=Lundin Gold Inc.&document_selection=0&industry_group=A&FromDate=13&FromMonth=05&FromYear=2000&ToDate=13&ToMonth=11&ToYear=2020&Variable=Issuer
2001-02-28,LUG.TO,USD,,2001-02-28,2001-02-28,2001,Q1,20090.851702,0.0,0.0,0.0,0.0,0.0,0.0,24319.751134,0.0,24319.751134,24319.751134,0.0,0.0,-2.047223,-4233.549854999999,-0.2107202779550933,-4228.899432,-0.21048880827580957,-2.6031999999995605,-4231.502632,-0.21061837968664926,0.0,-4231.502632,-0.21061837968664926,-0.00928,-0.00928,456191.0,456191.0,https://www.sedar.com/ModifyCompanyDocumentSearchForm.do?lang=EN&company_search=Lundin Gold Inc.&document_selection=0&industry_group=A&FromDate=13&FromMonth=05&FromYear=2000&ToDate=13&ToMonth=11&ToYear=2020&Variable=Issuer,https://www.sedar.com/ModifyCompanyDocumentSearchForm.do?lang=EN&company_search=Lundin Gold Inc.&document_selection=0&industry_group=A&FromDate=13&FromMonth=05&FromYear=2000&ToDate=13&ToMonth=11&ToYear=2020&Variable=Issuer
2000-11-30,LUG.TO,USD,,2000-11-30,2000-11-30,2001,Q4,23866.16035,0.0,0.0,0.0,0.0,0.0,0.0,8155.568727,2419.769813000001,10575.33854,10575.33854,0.0,0.0,2419.769812,15699.518651,0.6578150159374087,13290.82181,0.5568898228742521,-11.072970999999598,13279.748839,0.556425861732719,0.0,13279.748839,0.556425861732719,0.026054,0.026054,448691.0,448691.0,https://www.sedar.com/ModifyCompanyDocumentSearchForm.do?lang=EN&company_search=Lundin Gold Inc.&document_selection=0&industry_group=A&FromDate=13&FromMonth=05&FromYear=2000&ToDate=13&ToMonth=11&ToYear=2020&Variable=Issuer,https://www.sedar.com/ModifyCompanyDocumentSearchForm.do?lang=EN&company_search=Lundin Gold Inc.&document_selection=0&industry_group=A&FromDate=13&FromMonth=05&FromYear=2000&ToDate=13&ToMonth=11&ToYear=2020&Variable=Issuer
2000-08-31,LUG.TO,USD,,2000-08-31,2000-08-31,2000,Q3,14402.250466,0.0,0.0,0.0,0.0,0.0,0.0,13325.450078,4544.8679680000005,17870.318046,17870.318046,0.0,0.0,4544.867969,1177.5256599999998,0.08175983765730462,-3468.06758,-0.2408003935348308,100.725271,0.0,0.0,0.0,-3367.342309,-0.2338066760434022,-0.038955383544845616,-0.038955383544845616,86441.0,86441.0,https://www.sedar.com/ModifyCompanyDocumentSearchForm.do?lang=EN&company_search=Lundin Gold Inc.&document_selection=0&industry_group=A&FromDate=13&FromMonth=05&FromYear=2000&ToDate=13&ToMonth=11&ToYear=2020&Variable=Issuer,https://www.sedar.com/ModifyCompanyDocumentSearchForm.do?lang=EN&company_search=Lundin Gold Inc.&document_selection=0&industry_group=A&FromDate=13&FromMonth=05&FromYear=2000&ToDate=13&ToMonth=11&ToYear=2020&Variable=Issuer
2000-05-31,LUG.TO,USD,,2000-05-31,2000-05-31,2000,Q2,2852.471051,0.0,0.0,0.0,0.0,0.0,0.0,11128.241065,1795.308171999999,12923.549237,12923.549237,0.0,0.0,1465.19975,-2871.570697,-1.0066958246581694,-10071.078186,-3.5306504451532823,5734.307739,0.0,0.0,0.0,-4336.770447,-1.520355638834492,-0.05017,-0.05017,86441.0,86441.0,https://www.sedar.com/ModifyCompanyDocumentSearchForm.do?lang=EN&company_search=Lundin Gold Inc.&document_selection=0&industry_group=A&FromDate=13&FromMonth=05&FromYear=2000&ToDate=13&ToMonth=11&ToYear=2020&Variable=Issuer,https://www.sedar.com/ModifyCompanyDocumentSearchForm.do?lang=EN&company_search=Lundin Gold Inc.&document_selection=0&industry_group=A&FromDate=13&FromMonth=05&FromYear=2000&ToDate=13&ToMonth=11&ToYear=2020&Variable=Issuer
2000-02-29,LUG.TO,USD,,2000-02-29,2000-02-29,2000,Q1,3697.9863,0.0,0.0,0.0,0.0,0.0,0.0,11940.925944,4767.5492399999985,16708.475184,16708.475184,0.0,0.0,4850.574314,-8956.573563999998,-2.4220137224413185,-13010.488884,-3.5182631379678178,-796.658994,0.0,0.0,0.0,-13807.147878,-3.7336936261770357,-0.13783,-0.13783,86441.0,86441.0,https://www.sedar.com/ModifyCompanyDocumentSearchForm.do?lang=EN&company_search=Lundin Gold Inc.&document_selection=0&industry_group=A&FromDate=13&FromMonth=05&FromYear=2000&ToDate=13&ToMonth=11&ToYear=2020&Variable=Issuer,https://www.sedar.com/ModifyCompanyDocumentSearchForm.do?lang=EN&company_search=Lundin Gold Inc.&document_selection=0&industry_group=A&FromDate=13&FromMonth=05&FromYear=2000&ToDate=13&ToMonth=11&ToYear=2020&Variable=Issuer
1999-11-30,LUG.TO,USD,,1999-11-30,1999-11-30,2000,Q4,5608.676165,0.0,0.0,0.0,0.0,0.0,0.0,41479.348609,5608.676164999997,47088.024774,47088.024774,0.0,0.0,5608.676165,-43501.025439000005,-7.756023731671448,-41479.348609,-7.395568470835399,-7630.352996,0.0,0.0,0.0,-49109.701604,-8.756023731671448,-0.543279,-0.543279,86441.0,86441.0,https://www.sedar.com/ModifyCompanyDocumentSearchForm.do?lang=EN&company_search=Lundin Gold Inc.&document_selection=0&industry_group=A&FromDate=13&FromMonth=05&FromYear=2000&ToDate=13&ToMonth=11&ToYear=2020&Variable=Issuer,https://www.sedar.com/ModifyCompanyDocumentSearchForm.do?lang=EN&company_search=Lundin Gold Inc.&document_selection=0&industry_group=A&FromDate=13&FromMonth=05&FromYear=2000&ToDate=13&ToMonth=11&ToYear=2020&Variable=Issuer
1999-08-31,LUG.TO,USD,,1999-08-31,1999-08-31,1999,Q3,5413.774345,0.0,0.0,0.0,0.0,0.0,0.0,20990.496098,5413.774345000002,26404.270443,26404.270443,0.0,0.0,5413.774345,-126447.552438,-23.35663520124055,-20990.496098,-3.877238828283671,0.0,0.0,0.0,0.0,-131861.326783,-24.35663520124055,-1.6621874042984999,-1.6621874042984999,79330.0,79330.0,https://www.sedar.com/ModifyCompanyDocumentSearchForm.do?lang=EN&company_search=Lundin Gold Inc.&document_selection=0&industry_group=A&FromDate=13&FromMonth=05&FromYear=2000&ToDate=13&ToMonth=11&ToYear=2020&Variable=Issuer,https://www.sedar.com/ModifyCompanyDocumentSearchForm.do?lang=EN&company_search=Lundin Gold Inc.&document_selection=0&industry_group=A&FromDate=13&FromMonth=05&FromYear=2000&ToDate=13&ToMonth=11&ToYear=2020&Variable=Issuer
1999-05-31,LUG.TO,USD,,1999-05-31,1999-05-31,1999,Q2,4380.497664,0.0,0.0,0.0,0.0,0.0,0.0,13564.011963,4380.497663999999,17944.509627,17944.509627,0.0,0.0,4704.150037,-8859.861926000001,-2.022569718233732,-13564.011963,-3.0964545591411596,0.0,0.0,0.0,0.0,-13564.011963,-3.0964545591411596,-0.13564,-0.13564,79330.0,79330.0,https://www.sedar.com/ModifyCompanyDocumentSearchForm.do?lang=EN&company_search=Lundin Gold Inc.&document_selection=0&industry_group=A&FromDate=13&FromMonth=05&FromYear=2000&ToDate=13&ToMonth=11&ToYear=2020&Variable=Issuer,https://www.sedar.com/ModifyCompanyDocumentSearchForm.do?lang=EN&company_search=Lundin Gold Inc.&document_selection=0&industry_group=A&FromDate=13&FromMonth=05&FromYear=2000&ToDate=13&ToMonth=11&ToYear=2020&Variable=Issuer
1999-02-28,LUG.TO,USD,,1999-02-28,1999-02-28,1999,Q1,5857.474312,0.0,0.0,0.0,0.0,0.0,0.0,14071.594299,5857.4743119999985,19929.068611,19929.068611,0.0,0.0,6003.824897,-8067.769402,-1.377346100429642,-14071.594299,-2.402331371760696,0.0,0.0,0.0,0.0,-14071.594299,-2.402331371760696,-0.17738,-0.17738,79330.0,79330.0,https://www.sedar.com/ModifyCompanyDocumentSearchForm.do?lang=EN&company_search=Lundin Gold Inc.&document_selection=0&industry_group=A&FromDate=13&FromMonth=05&FromYear=2000&ToDate=13&ToMonth=11&ToYear=2020&Variable=Issuer,https://www.sedar.com/ModifyCompanyDocumentSearchForm.do?lang=EN&company_search=Lundin Gold Inc.&document_selection=0&industry_group=A&FromDate=13&FromMonth=05&FromYear=2000&ToDate=13&ToMonth=11&ToYear=2020&Variable=Issuer
1998-11-30,LUG.TO,USD,,1998-11-30,1998-11-30,1999,Q4,8027.994792,0.0,0.0,0.0,0.0,0.0,0.0,20279.296875,8027.994792000001,28307.291667,28307.291667,0.0,0.0,8027.994792,-12251.302082999999,-1.5260725000978548,-20279.296875,-2.526072500097855,0.0,0.0,0.0,0.0,-20279.296875,-2.526072500097855,-0.260417,-0.260417,79330.0,79330.0,https://www.sedar.com/ModifyCompanyDocumentSearchForm.do?lang=EN&company_search=Lundin Gold Inc.&document_selection=0&industry_group=A&FromDate=13&FromMonth=05&FromYear=2000&ToDate=13&ToMonth=11&ToYear=2020&Variable=Issuer,https://www.sedar.com/ModifyCompanyDocumentSearchForm.do?lang=EN&company_search=Lundin Gold Inc.&document_selection=0&industry_group=A&FromDate=13&FromMonth=05&FromYear=2000&ToDate=13&ToMonth=11&ToYear=2020&Variable=Issuer
1998-08-31,LUG.TO,USD,,1998-08-31,1998-08-31,1998,Q3,5174.30432,0.0,0.0,0.0,0.0,0.0,0.0,12652.135266,5174.304320000001,17826.439586,17826.439586,0.0,0.0,5174.30432,-7477.830945999999,-1.445185764798619,-12652.135266,-2.445185764798619,0.0,0.0,0.0,0.0,-12652.135266,-2.445185764798619,-0.027887119792986855,-0.027887119792986855,453691.0,453691.0,https://www.sedar.com/ModifyCompanyDocumentSearchForm.do?lang=EN&company_search=Lundin Gold Inc.&document_selection=0&industry_group=A&FromDate=13&FromMonth=05&FromYear=2000&ToDate=13&ToMonth=11&ToYear=2020&Variable=Issuer,https://www.sedar.com/ModifyCompanyDocumentSearchForm.do?lang=EN&company_search=Lundin Gold Inc.&document_selection=0&industry_group=A&FromDate=13&FromMonth=05&FromYear=2000&ToDate=13&ToMonth=11&ToYear=2020&Variable=Issuer
1998-05-31,LUG.TO,USD,,1998-05-31,1998-05-31,1998,Q2,3300.151037,0.0,0.0,0.0,0.0,0.0,0.0,13121.653165,3300.1510369999996,16421.804202,16421.804202,0.0,0.0,2971.070428,-10150.582737,-3.0757933873921663,-13121.653165,-3.9760765546440653,0.0,0.0,0.0,0.0,-13121.653165,-3.9760765546440653,-0.02892,-0.02892,453691.0,453691.0,https://www.sedar.com/ModifyCompanyDocumentSearchForm.do?lang=EN&company_search=Lundin Gold Inc.&document_selection=0&industry_group=A&FromDate=13&FromMonth=05&FromYear=2000&ToDate=13&ToMonth=11&ToYear=2020&Variable=Issuer,https://www.sedar.com/ModifyCompanyDocumentSearchForm.do?lang=EN&company_search=Lundin Gold Inc.&document_selection=0&industry_group=A&FromDate=13&FromMonth=05&FromYear=2000&ToDate=13&ToMonth=11&ToYear=2020&Variable=Issuer
1998-02-28,LUG.TO,USD,,1998-02-28,1998-02-28,1998,Q1,5828.41484,0.0,0.0,0.0,0.0,0.0,0.0,26575.323215,5828.414840000001,32403.738055,32403.738055,0.0,0.0,5827.216941,-20748.106274,-3.559819752637923,-26575.323215,-4.5596142252290335,0.0,0.0,0.0,0.0,-26575.323215,-4.5596142252290335,-0.05858,-0.05858,453691.0,453691.0,https://www.sedar.com/ModifyCompanyDocumentSearchForm.do?lang=EN&company_search=Lundin Gold Inc.&document_selection=0&industry_group=A&FromDate=13&FromMonth=05&FromYear=2000&ToDate=13&ToMonth=11&ToYear=2020&Variable=Issuer,https://www.sedar.com/ModifyCompanyDocumentSearchForm.do?lang=EN&company_search=Lundin Gold Inc.&document_selection=0&industry_group=A&FromDate=13&FromMonth=05&FromYear=2000&ToDate=13&ToMonth=11&ToYear=2020&Variable=Issuer
1997-11-30,LUG.TO,USD,,1997-11-30,1997-11-30,1998,Q4,8524.244554,0.0,0.0,0.0,0.0,0.0,0.0,18574.841883,8524.244554,27099.086437,27099.086437,0.0,0.0,8524.244554,-10050.597329,-1.179060181266592,-18574.841883,-2.1790601812665917,0.0,0.0,0.0,0.0,-18574.841883,-2.1790601812665917,-0.04094,-0.04094,453691.0,453691.0,https://www.sedar.com/ModifyCompanyDocumentSearchForm.do?lang=EN&company_search=Lundin Gold Inc.&document_selection=0&industry_group=A&FromDate=13&FromMonth=05&FromYear=2000&ToDate=13&ToMonth=11&ToYear=2020&Variable=Issuer,https://www.sedar.com/ModifyCompanyDocumentSearchForm.do?lang=EN&company_search=Lundin Gold Inc.&document_selection=0&industry_group=A&FromDate=13&FromMonth=05&FromYear=2000&ToDate=13&ToMonth=11&ToYear=2020&Variable=Issuer
