date,symbol,reportedCurrency,cik,fillingDate,acceptedDate,calendarYear,period,revenue,costOfRevenue,grossProfit,grossProfitRatio,researchAndDevelopmentExpenses,generalAndAdministrativeExpenses,sellingAndMarketingExpenses,sellingGeneralAndAdministrativeExpenses,otherExpenses,operatingExpenses,costAndExpenses,interestIncome,interestExpense,depreciationAndAmortization,ebitda,ebitdaratio,operatingIncome,operatingIncomeRatio,totalOtherIncomeExpensesNet,incomeBeforeTax,incomeBeforeTaxRatio,incomeTaxExpense,netIncome,netIncomeRatio,eps,epsdiluted,weightedAverageShsOut,weightedAverageShsOutDil,link,finalLink
2016-06-30,PRU.TO,AUD,,2016-06-30,2016-06-30,2016,Q4,53590000.0,51385000.0,2205000.0,0.04114573614480314,0.0,12565000.0,0.0,12565000.0,12536000.0,25101000.0,76486000.0,0.0,13000.0,12536000.0,-24089000.0,-0.44950550475835044,0.0,0.0,-15635000.0,-38544000.0,-0.7192386639298377,-6946000.0,-29692000.0,-0.5540585930210861,-0.0552542102607489,-0.0552542102607489,537370815,537370815,https://www.sedar.com/ModifyCompanyDocumentSearchForm.do?lang=EN&company_search=Perseus Mining Ltd&document_selection=0&industry_group=A&FromDate=13&FromMonth=05&FromYear=2000&ToDate=13&ToMonth=11&ToYear=2020&Variable=Issuer,https://www.sedar.com/ModifyCompanyDocumentSearchForm.do?lang=EN&company_search=Perseus Mining Ltd&document_selection=0&industry_group=A&FromDate=13&FromMonth=05&FromYear=2000&ToDate=13&ToMonth=11&ToYear=2020&Variable=Issuer
2016-03-31,PRU.TO,AUD,,2016-03-31,2016-03-31,2016,Q3,49502000.0,34445000.0,15057000.0,0.30416952850389883,0.0,6603000.0,0.0,6603000.0,13205000.0,19808000.0,54253000.0,0.0,0.0,13205000.0,-6414000.0,-0.1295705224031352,0.0,0.0,-14868000.0,-19619000.0,-0.3963274211142984,-1699000.0,-17920000.0,-0.3620055755323017,-0.033348,-0.033348,537370815,537370815,https://www.sedar.com/ModifyCompanyDocumentSearchForm.do?lang=EN&company_search=Perseus Mining Ltd&document_selection=0&industry_group=A&FromDate=13&FromMonth=05&FromYear=2000&ToDate=13&ToMonth=11&ToYear=2020&Variable=Issuer,https://www.sedar.com/ModifyCompanyDocumentSearchForm.do?lang=EN&company_search=Perseus Mining Ltd&document_selection=0&industry_group=A&FromDate=13&FromMonth=05&FromYear=2000&ToDate=13&ToMonth=11&ToYear=2020&Variable=Issuer
2015-12-31,PRU.TO,AUD,,2015-12-31,2015-12-31,2016,Q2,67559000.0,50653000.0,16906000.0,0.2502405304992673,0.0,6681000.0,0.0,6681000.0,13210000.0,19891000.0,70544000.0,0.0,155000.0,13210000.0,-11347000.0,-0.1679568969345313,0.0,0.0,-22516000.0,-25656000.0,-0.3797569531816634,-1818000.0,-22894000.0,-0.33887416924466024,-0.042946,-0.042946,533086790,541825918,https://www.sedar.com/ModifyCompanyDocumentSearchForm.do?lang=EN&company_search=Perseus Mining Ltd&document_selection=0&industry_group=A&FromDate=13&FromMonth=05&FromYear=2000&ToDate=13&ToMonth=11&ToYear=2020&Variable=Issuer,https://www.sedar.com/ModifyCompanyDocumentSearchForm.do?lang=EN&company_search=Perseus Mining Ltd&document_selection=0&industry_group=A&FromDate=13&FromMonth=05&FromYear=2000&ToDate=13&ToMonth=11&ToYear=2020&Variable=Issuer
2015-09-30,PRU.TO,AUD,,2015-09-30,2015-09-30,2016,Q1,81552000.0,58124000.0,23428000.0,0.28727682950755346,0.0,6193000.0,0.0,6193000.0,9105000.0,15298000.0,73422000.0,0.0,138000.0,9105000.0,47975000.0,0.5882749656660781,0.0,0.0,31529000.0,39521000.0,0.4846110457131646,3711000.0,35021000.0,0.4294315283500098,0.065607,0.064518,533802971,542808849,https://www.sedar.com/ModifyCompanyDocumentSearchForm.do?lang=EN&company_search=Perseus Mining Ltd&document_selection=0&industry_group=A&FromDate=13&FromMonth=05&FromYear=2000&ToDate=13&ToMonth=11&ToYear=2020&Variable=Issuer,https://www.sedar.com/ModifyCompanyDocumentSearchForm.do?lang=EN&company_search=Perseus Mining Ltd&document_selection=0&industry_group=A&FromDate=13&FromMonth=05&FromYear=2000&ToDate=13&ToMonth=11&ToYear=2020&Variable=Issuer
2015-06-30,PRU.TO,AUD,,2015-06-30,2015-06-30,2015,Q4,105444000.0,26538000.0,78906000.0,0.7483213838625242,0.0,6970000.0,0.0,6970000.0,18545000.0,25515000.0,52053000.0,0.0,151000.0,18545000.0,49691000.0,0.47125488410910055,0.0,0.0,-2172000.0,33174000.0,0.31461249573233185,12315000.0,18680000.0,0.17715564659914268,0.03476184317899736,0.03476184317899736,537370815,537370815,https://www.sedar.com/ModifyCompanyDocumentSearchForm.do?lang=EN&company_search=Perseus Mining Ltd&document_selection=0&industry_group=A&FromDate=13&FromMonth=05&FromYear=2000&ToDate=13&ToMonth=11&ToYear=2020&Variable=Issuer,https://www.sedar.com/ModifyCompanyDocumentSearchForm.do?lang=EN&company_search=Perseus Mining Ltd&document_selection=0&industry_group=A&FromDate=13&FromMonth=05&FromYear=2000&ToDate=13&ToMonth=11&ToYear=2020&Variable=Issuer
2015-03-31,PRU.TO,AUD,,2015-03-31,2015-03-31,2015,Q3,85890000.0,41147000.0,44743000.0,0.5209337524740948,0.0,6745000.0,0.0,6745000.0,12321000.0,19066000.0,60213000.0,0.0,134000.0,12321000.0,49315000.0,0.5741646291768541,0.0,0.0,12827000.0,38370000.0,0.4467341949004541,8229000.0,28631000.0,0.3333449761322622,0.053831,0.053039,531867666,539805990,https://www.sedar.com/ModifyCompanyDocumentSearchForm.do?lang=EN&company_search=Perseus Mining Ltd&document_selection=0&industry_group=A&FromDate=13&FromMonth=05&FromYear=2000&ToDate=13&ToMonth=11&ToYear=2020&Variable=Issuer,https://www.sedar.com/ModifyCompanyDocumentSearchForm.do?lang=EN&company_search=Perseus Mining Ltd&document_selection=0&industry_group=A&FromDate=13&FromMonth=05&FromYear=2000&ToDate=13&ToMonth=11&ToYear=2020&Variable=Issuer
2014-12-31,PRU.TO,AUD,,2014-12-31,2014-12-31,2015,Q2,70466000.0,37199000.0,33267000.0,0.47210001986773764,0.0,7819000.0,0.0,7819000.0,11340000.0,19159000.0,-18040000.0,0.0,141000.0,11340000.0,31670000.0,0.4494366077257117,0.0,0.0,14096000.0,20447000.0,0.2901683081202282,2011000.0,18178000.0,0.25796838191468224,0.034139,0.033644,532467342,540297744,https://www.sedar.com/ModifyCompanyDocumentSearchForm.do?lang=EN&company_search=Perseus Mining Ltd&document_selection=0&industry_group=A&FromDate=13&FromMonth=05&FromYear=2000&ToDate=13&ToMonth=11&ToYear=2020&Variable=Issuer,https://www.sedar.com/ModifyCompanyDocumentSearchForm.do?lang=EN&company_search=Perseus Mining Ltd&document_selection=0&industry_group=A&FromDate=13&FromMonth=05&FromYear=2000&ToDate=13&ToMonth=11&ToYear=2020&Variable=Issuer
2014-09-30,PRU.TO,AUD,,2014-09-30,2014-09-30,2015,Q1,0.0,0.0,0.0,0.0,0.0,0.0,0.0,0.0,0.0,0.0,0.0,0.0,0.0,0.0,0.0,0.0,0.0,0.0,0.0,0.0,0.0,0.0,0.0,0.0,0.041957,0.041363,532217117,539856597,https://www.sedar.com/ModifyCompanyDocumentSearchForm.do?lang=EN&company_search=Perseus Mining Ltd&document_selection=0&industry_group=A&FromDate=13&FromMonth=05&FromYear=2000&ToDate=13&ToMonth=11&ToYear=2020&Variable=Issuer,https://www.sedar.com/ModifyCompanyDocumentSearchForm.do?lang=EN&company_search=Perseus Mining Ltd&document_selection=0&industry_group=A&FromDate=13&FromMonth=05&FromYear=2000&ToDate=13&ToMonth=11&ToYear=2020&Variable=Issuer
2014-06-30,PRU.TO,AUD,,2014-06-30,2014-06-30,2014,Q4,65544000.0,49048000.0,16496000.0,0.25167826193091664,0.0,6127000.0,0.0,6127000.0,10876000.0,17003000.0,66051000.0,0.0,344000.0,10876000.0,-1761000.0,-0.026867447821310876,0.0,0.0,-12629000.0,-13582000.0,-0.20721957768827048,-1549000.0,-11432000.0,-0.17441718540217258,-0.021273950279566262,-0.021273950279566262,537370815,537370815,https://www.sedar.com/ModifyCompanyDocumentSearchForm.do?lang=EN&company_search=Perseus Mining Ltd&document_selection=0&industry_group=A&FromDate=13&FromMonth=05&FromYear=2000&ToDate=13&ToMonth=11&ToYear=2020&Variable=Issuer,https://www.sedar.com/ModifyCompanyDocumentSearchForm.do?lang=EN&company_search=Perseus Mining Ltd&document_selection=0&industry_group=A&FromDate=13&FromMonth=05&FromYear=2000&ToDate=13&ToMonth=11&ToYear=2020&Variable=Issuer
2014-03-31,PRU.TO,AUD,,2014-03-31,2014-03-31,2014,Q3,63398000.0,49102000.0,14296000.0,0.22549607243130698,0.0,8772000.0,0.0,8772000.0,9374000.0,18146000.0,67248000.0,91000.0,346000.0,9374000.0,-8615000.0,-0.13588756743114924,0.0,0.0,-14547000.0,-18652000.0,-0.29420486450676675,-2650000.0,-15685000.0,-0.24740528092368844,-0.033051,-0.033051,474574095,474574095,https://www.sedar.com/ModifyCompanyDocumentSearchForm.do?lang=EN&company_search=Perseus Mining Ltd&document_selection=0&industry_group=A&FromDate=13&FromMonth=05&FromYear=2000&ToDate=13&ToMonth=11&ToYear=2020&Variable=Issuer,https://www.sedar.com/ModifyCompanyDocumentSearchForm.do?lang=EN&company_search=Perseus Mining Ltd&document_selection=0&industry_group=A&FromDate=13&FromMonth=05&FromYear=2000&ToDate=13&ToMonth=11&ToYear=2020&Variable=Issuer
2013-12-31,PRU.TO,AUD,,2013-12-31,2013-12-31,2014,Q2,63361000.0,58213000.0,5148000.0,0.08124871766544088,0.0,7894000.0,0.0,7894000.0,10375000.0,18269000.0,76482000.0,0.0,332000.0,10375000.0,-1216000.0,-0.019191616293934753,0.0,0.0,378000.0,-13075000.0,-0.20635722289736588,-6197000.0,-5726000.0,-0.09037104843673553,-0.012369,-0.012369,462921448,462921448,https://www.sedar.com/ModifyCompanyDocumentSearchForm.do?lang=EN&company_search=Perseus Mining Ltd&document_selection=0&industry_group=A&FromDate=13&FromMonth=05&FromYear=2000&ToDate=13&ToMonth=11&ToYear=2020&Variable=Issuer,https://www.sedar.com/ModifyCompanyDocumentSearchForm.do?lang=EN&company_search=Perseus Mining Ltd&document_selection=0&industry_group=A&FromDate=13&FromMonth=05&FromYear=2000&ToDate=13&ToMonth=11&ToYear=2020&Variable=Issuer
2013-09-30,PRU.TO,AUD,,2013-09-30,2013-09-30,2014,Q1,71975000.0,39192000.0,32783000.0,0.4554775963876346,0.0,6803000.0,0.0,6803000.0,10337000.0,17140000.0,56332000.0,13000.0,580000.0,10337000.0,18492000.0,0.25692254254949637,0.0,0.0,-6542000.0,8534000.0,0.11856894755123307,5680000.0,1895000.0,0.026328586314692603,0.004057,0.004057,467080062,467080062,https://www.sedar.com/ModifyCompanyDocumentSearchForm.do?lang=EN&company_search=Perseus Mining Ltd&document_selection=0&industry_group=A&FromDate=13&FromMonth=05&FromYear=2000&ToDate=13&ToMonth=11&ToYear=2020&Variable=Issuer,https://www.sedar.com/ModifyCompanyDocumentSearchForm.do?lang=EN&company_search=Perseus Mining Ltd&document_selection=0&industry_group=A&FromDate=13&FromMonth=05&FromYear=2000&ToDate=13&ToMonth=11&ToYear=2020&Variable=Issuer
2013-06-30,PRU.TO,AUD,,2013-06-30,2013-06-30,2013,Q4,69286630.0,96973998.0,-27687368.0,-0.399606215513729,0.0,6572214.0,0.0,6572214.0,-292256.0,6279958.0,103253956.0,14237.0,754109.0,-292256.0,5558356.0,0.08022263458332438,0.0,0.0,38304100.0,3603902.0,0.05201439296441464,-4966521.0,10063024.0,0.1452376021174648,0.018726405899062458,0.018726405899062458,537370815,537370815,https://www.sedar.com/ModifyCompanyDocumentSearchForm.do?lang=EN&company_search=Perseus Mining Ltd&document_selection=0&industry_group=A&FromDate=13&FromMonth=05&FromYear=2000&ToDate=13&ToMonth=11&ToYear=2020&Variable=Issuer,https://www.sedar.com/ModifyCompanyDocumentSearchForm.do?lang=EN&company_search=Perseus Mining Ltd&document_selection=0&industry_group=A&FromDate=13&FromMonth=05&FromYear=2000&ToDate=13&ToMonth=11&ToYear=2020&Variable=Issuer
2013-03-31,PRU.TO,AUD,,2013-03-31,2013-03-31,2013,Q3,77238000.0,58265000.0,18973000.0,0.24564333618167222,0.0,7401000.0,0.0,7401000.0,6790000.0,14191000.0,72456000.0,16000.0,775000.0,6790000.0,8704000.0,0.11269064450141122,0.0,0.0,-2666000.0,1357000.0,0.017569072218338123,1721000.0,-582000.0,-0.0075351510914316785,-0.001286,-0.001385,452423968,452423968,https://www.sedar.com/ModifyCompanyDocumentSearchForm.do?lang=EN&company_search=Perseus Mining Ltd&document_selection=0&industry_group=A&FromDate=13&FromMonth=05&FromYear=2000&ToDate=13&ToMonth=11&ToYear=2020&Variable=Issuer,https://www.sedar.com/ModifyCompanyDocumentSearchForm.do?lang=EN&company_search=Perseus Mining Ltd&document_selection=0&industry_group=A&FromDate=13&FromMonth=05&FromYear=2000&ToDate=13&ToMonth=11&ToYear=2020&Variable=Issuer
2012-12-31,PRU.TO,AUD,,2012-12-31,2012-12-31,2013,Q2,71961000.0,30294000.0,41667000.0,0.5790219702338767,0.0,5616000.0,0.0,5616000.0,4175000.0,9791000.0,40085000.0,0.0,767000.0,4175000.0,29187000.0,0.4055946971276108,0.0,0.0,-273000.0,26010000.0,0.3614457831325301,10169000.0,14076000.0,0.19560595322466337,0.030379,0.030379,463347532,463347532,https://www.sedar.com/ModifyCompanyDocumentSearchForm.do?lang=EN&company_search=Perseus Mining Ltd&document_selection=0&industry_group=A&FromDate=13&FromMonth=05&FromYear=2000&ToDate=13&ToMonth=11&ToYear=2020&Variable=Issuer,https://www.sedar.com/ModifyCompanyDocumentSearchForm.do?lang=EN&company_search=Perseus Mining Ltd&document_selection=0&industry_group=A&FromDate=13&FromMonth=05&FromYear=2000&ToDate=13&ToMonth=11&ToYear=2020&Variable=Issuer
2012-09-30,PRU.TO,AUD,,2012-09-30,2012-09-30,2013,Q1,75104000.0,21297000.0,53807000.0,0.7164332126118449,0.0,4923000.0,0.0,4923000.0,9570000.0,14493000.0,35790000.0,84000.0,800000.0,9570000.0,39055000.0,0.5200122496804431,0.0,0.0,-7337000.0,31261000.0,0.4162361525351513,13873000.0,14812000.0,0.1972198551342139,0.031665,0.031665,467767126,467767126,https://www.sedar.com/ModifyCompanyDocumentSearchForm.do?lang=EN&company_search=Perseus Mining Ltd&document_selection=0&industry_group=A&FromDate=13&FromMonth=05&FromYear=2000&ToDate=13&ToMonth=11&ToYear=2020&Variable=Issuer,https://www.sedar.com/ModifyCompanyDocumentSearchForm.do?lang=EN&company_search=Perseus Mining Ltd&document_selection=0&industry_group=A&FromDate=13&FromMonth=05&FromYear=2000&ToDate=13&ToMonth=11&ToYear=2020&Variable=Issuer
