date,symbol,reportedCurrency,cik,fillingDate,acceptedDate,calendarYear,period,revenue,costOfRevenue,grossProfit,grossProfitRatio,researchAndDevelopmentExpenses,generalAndAdministrativeExpenses,sellingAndMarketingExpenses,sellingGeneralAndAdministrativeExpenses,otherExpenses,operatingExpenses,costAndExpenses,interestIncome,interestExpense,depreciationAndAmortization,ebitda,ebitdaratio,operatingIncome,operatingIncomeRatio,totalOtherIncomeExpensesNet,incomeBeforeTax,incomeBeforeTaxRatio,incomeTaxExpense,netIncome,netIncomeRatio,eps,epsdiluted,weightedAverageShsOut,weightedAverageShsOutDil,link,finalLink
2022-06-30,SIL.TO,USD,,2022-06-30,2022-06-30,2022,Q2,0.0,15000.0,-15000.0,0.0,0.0,1304000.0,160000.0,1464000.0,1635000.0,3099000.0,3114000.0,760000.0,66000.0,15000.0,-2339000.0,0.0,-3114000.0,0.0,12719000.0,9605000.0,0.0,0.0,9605000.0,0.0,0.07,0.06,145949000,152114000,https://www.sedar.com/ModifyCompanyDocumentSearchForm.do?lang=EN&company_search=SilverCrest Metals Inc.&document_selection=0&industry_group=A&FromDate=13&FromMonth=05&FromYear=2000&ToDate=13&ToMonth=11&ToYear=2020&Variable=Issuer,https://www.sedar.com/ModifyCompanyDocumentSearchForm.do?lang=EN&company_search=SilverCrest Metals Inc.&document_selection=0&industry_group=A&FromDate=13&FromMonth=05&FromYear=2000&ToDate=13&ToMonth=11&ToYear=2020&Variable=Issuer
2022-03-31,SIL.TO,USD,,2022-03-31,2022-03-31,2022,Q1,0.0,14000.0,-14000.0,0.0,0.0,1903000.0,154000.0,2057000.0,1754000.0,3811000.0,3825000.0,383000.0,61000.0,14000.0,-3428000.0,0.0,-3825000.0,0.0,-4978000.0,-8803000.0,0.0,-57000.0,-8746000.0,0.0,-0.06,-0.06,145705000,145705000,https://www.sedar.com/ModifyCompanyDocumentSearchForm.do?lang=EN&company_search=SilverCrest Metals Inc.&document_selection=0&industry_group=A&FromDate=13&FromMonth=05&FromYear=2000&ToDate=13&ToMonth=11&ToYear=2020&Variable=Issuer,https://www.sedar.com/ModifyCompanyDocumentSearchForm.do?lang=EN&company_search=SilverCrest Metals Inc.&document_selection=0&industry_group=A&FromDate=13&FromMonth=05&FromYear=2000&ToDate=13&ToMonth=11&ToYear=2020&Variable=Issuer
2021-12-31,SIL.TO,USD,,2021-12-31,2021-12-31,2021,Q4,0.0,13000.0,-13000.0,0.0,0.0,2317000.0,76000.0,2393000.0,3292000.0,5685000.0,5698000.0,155000.0,6000.0,13000.0,-5530000.0,0.0,0.0,0.0,-2299000.0,-7848000.0,0.0,97000.0,-7945000.0,0.0,-0.05453,-0.05453,145705000,145705000,https://www.sedar.com/ModifyCompanyDocumentSearchForm.do?lang=EN&company_search=SilverCrest Metals Inc.&document_selection=0&industry_group=A&FromDate=13&FromMonth=05&FromYear=2000&ToDate=13&ToMonth=11&ToYear=2020&Variable=Issuer,https://www.sedar.com/ModifyCompanyDocumentSearchForm.do?lang=EN&company_search=SilverCrest Metals Inc.&document_selection=0&industry_group=A&FromDate=13&FromMonth=05&FromYear=2000&ToDate=13&ToMonth=11&ToYear=2020&Variable=Issuer
2021-09-30,SIL.TO,USD,,2021-09-30,2021-09-30,2021,Q3,0.0,13000.0,-13000.0,0.0,0.0,1444000.0,100000.0,1544000.0,2588000.0,4132000.0,4145000.0,250000.0,6000.0,13000.0,-3882000.0,0.0,-4145000.0,0.0,11063000.0,6918000.0,0.0,1000.0,6917000.0,0.0,0.05,0.05,144898000,151187000,https://www.sedar.com/ModifyCompanyDocumentSearchForm.do?lang=EN&company_search=SilverCrest Metals Inc.&document_selection=0&industry_group=A&FromDate=13&FromMonth=05&FromYear=2000&ToDate=13&ToMonth=11&ToYear=2020&Variable=Issuer,https://www.sedar.com/ModifyCompanyDocumentSearchForm.do?lang=EN&company_search=SilverCrest Metals Inc.&document_selection=0&industry_group=A&FromDate=13&FromMonth=05&FromYear=2000&ToDate=13&ToMonth=11&ToYear=2020&Variable=Issuer
2021-06-30,SIL.TO,USD,,2021-06-30,2021-06-30,2021,Q2,0.0,18000.0,-18000.0,0.0,0.0,1645000.0,143000.0,1788000.0,2472000.0,4260000.0,4278000.0,468000.0,7000.0,18000.0,-3792000.0,0.0,-4278000.0,0.0,-4771000.0,-9049000.0,0.0,32000.0,-9081000.0,0.0,-0.06,-0.06,144548000,144548000,https://www.sedar.com/ModifyCompanyDocumentSearchForm.do?lang=EN&company_search=SilverCrest Metals Inc.&document_selection=0&industry_group=A&FromDate=13&FromMonth=05&FromYear=2000&ToDate=13&ToMonth=11&ToYear=2020&Variable=Issuer,https://www.sedar.com/ModifyCompanyDocumentSearchForm.do?lang=EN&company_search=SilverCrest Metals Inc.&document_selection=0&industry_group=A&FromDate=13&FromMonth=05&FromYear=2000&ToDate=13&ToMonth=11&ToYear=2020&Variable=Issuer
2021-03-31,SIL.TO,USD,,2021-03-31,2021-03-31,2021,Q1,0.0,15000.0,-15000.0,0.0,0.0,1818000.0,188000.0,2006000.0,2123000.0,4129000.0,4144000.0,212000.0,7000.0,15000.0,-3917000.0,0.0,-4144000.0,0.0,-8253000.0,-12397000.0,0.0,254000.0,-12651000.0,0.0,-0.09,-0.09,135555000,135555000,https://www.sedar.com/ModifyCompanyDocumentSearchForm.do?lang=EN&company_search=SILVERCREST METALS INC&document_selection=0&industry_group=A&FromDate=13&FromMonth=05&FromYear=2000&ToDate=13&ToMonth=11&ToYear=2020&Variable=Issuer,https://www.sedar.com/ModifyCompanyDocumentSearchForm.do?lang=EN&company_search=SILVERCREST METALS INC&document_selection=0&industry_group=A&FromDate=13&FromMonth=05&FromYear=2000&ToDate=13&ToMonth=11&ToYear=2020&Variable=Issuer
2020-12-31,SIL.TO,USD,,2020-12-31,2020-12-31,2020,Q4,0.0,293398.278747,-293398.278747,0.0,0.0,1490149.414296,94606.980636,1584756.394932,11119471.431986,12704227.826918,12997626.105666,196830.982548,7105.426727,141742.768348,-12659052.354769,0.0,-12997626.105666,0.0,-4040517.810183998,-17038143.91585,0.0,0.0,-17038143.91585,0.0,-0.13209092253426674,-0.13209092253426674,128988000,128988000,https://www.sedar.com/ModifyCompanyDocumentSearchForm.do?lang=EN&company_search=SILVERCREST METALS INC&document_selection=0&industry_group=A&FromDate=13&FromMonth=05&FromYear=2000&ToDate=13&ToMonth=11&ToYear=2020&Variable=Issuer,https://www.sedar.com/ModifyCompanyDocumentSearchForm.do?lang=EN&company_search=SILVERCREST METALS INC&document_selection=0&industry_group=A&FromDate=13&FromMonth=05&FromYear=2000&ToDate=13&ToMonth=11&ToYear=2020&Variable=Issuer
2020-09-30,SIL.TO,CAD,,2020-09-30,2020-09-30,2020,Q3,0.0,29135.787712,-29135.787712,0.0,0.0,1085494.860148,160620.368157,1246115.228305,14165969.399952,15412084.628257,15441220.415969,446001.67344,8217.786278,103000.0,-14914754.01344,0.0,-15441220.415969,0.0,-2268109.0126710013,-17709329.42864,0.0,0.0,-17709329.42864,0.0,-0.134473,-0.134473,128988000,128988000,https://www.sedar.com/ModifyCompanyDocumentSearchForm.do?lang=EN&company_search=SILVERCREST METALS INC&document_selection=0&industry_group=A&FromDate=13&FromMonth=05&FromYear=2000&ToDate=13&ToMonth=11&ToYear=2020&Variable=Issuer,https://www.sedar.com/ModifyCompanyDocumentSearchForm.do?lang=EN&company_search=SILVERCREST METALS INC&document_selection=0&industry_group=A&FromDate=13&FromMonth=05&FromYear=2000&ToDate=13&ToMonth=11&ToYear=2020&Variable=Issuer
2020-06-30,SIL.TO,CAD,,2020-06-30,2020-06-30,2020,Q2,0.0,27090.349978,-27090.349978,0.0,0.0,1566847.269,32947.722946,1599794.9919460001,6033094.157271,7632889.149217,7659979.499195,454678.576658,8786.059452,88368.0,-7136606.572561,0.0,-7659979.499195,0.0,-4827207.497437,-12487186.996632,0.0,0.0,-12487186.996632,0.0,-0.102504,-0.102504,124178000,124178000,https://www.sedar.com/ModifyCompanyDocumentSearchForm.do?lang=EN&company_search=SILVERCREST METALS INC&document_selection=0&industry_group=A&FromDate=13&FromMonth=05&FromYear=2000&ToDate=13&ToMonth=11&ToYear=2020&Variable=Issuer,https://www.sedar.com/ModifyCompanyDocumentSearchForm.do?lang=EN&company_search=SILVERCREST METALS INC&document_selection=0&industry_group=A&FromDate=13&FromMonth=05&FromYear=2000&ToDate=13&ToMonth=11&ToYear=2020&Variable=Issuer
2020-03-31,SIL.TO,CAD,,2020-03-31,2020-03-31,2020,Q1,0.0,41384.85404,-41384.85404,0.0,0.0,1328921.167677,83227.330419,1412148.498096,15449907.629390001,16862056.127486,16903440.981526,364882.950219,9171.484981,147632.0,-16434459.87872,0.0,-16903440.981526,0.0,5160667.042729998,-11742773.938796,0.0,0.0,-11742773.938796,0.0,-0.105768,-0.105768,109608795,109608795,https://www.sedar.com/ModifyCompanyDocumentSearchForm.do?lang=EN&company_search=SILVERCREST METALS INC&document_selection=0&industry_group=A&FromDate=13&FromMonth=05&FromYear=2000&ToDate=13&ToMonth=11&ToYear=2020&Variable=Issuer,https://www.sedar.com/ModifyCompanyDocumentSearchForm.do?lang=EN&company_search=SILVERCREST METALS INC&document_selection=0&industry_group=A&FromDate=13&FromMonth=05&FromYear=2000&ToDate=13&ToMonth=11&ToYear=2020&Variable=Issuer
2019-12-31,SIL.TO,CAD,,2019-12-31,2019-12-31,2019,Q4,0.0,31824.572198,-31824.572198,0.0,0.0,628996.758661,0.0,1328539.732166,38486576.160512,39815115.892678,39846940.464876,202028.872349,10662.282361,165163.0,-39517297.482178,0.0,-39846940.464876,0.0,115566.69405200332,-39731373.770824,0.0,0.0,-39846204.548534,0.0,-0.449,-0.449,88832841,88832841,https://www.sedar.com/ModifyCompanyDocumentSearchForm.do?lang=EN&company_search=SILVERCREST METALS INC&document_selection=0&industry_group=A&FromDate=13&FromMonth=05&FromYear=2000&ToDate=13&ToMonth=11&ToYear=2020&Variable=Issuer,https://www.sedar.com/ModifyCompanyDocumentSearchForm.do?lang=EN&company_search=SILVERCREST METALS INC&document_selection=0&industry_group=A&FromDate=13&FromMonth=05&FromYear=2000&ToDate=13&ToMonth=11&ToYear=2020&Variable=Issuer
2019-09-30,SIL.TO,CAD,,2019-09-30,2019-09-30,2019,Q3,0.0,30181.296268,-30181.296268,0.0,0.0,1749128.26711,0.0,1749128.26711,39315.60658700019,1788443.873697,1818625.169965,156842.423327,10673.817797,39954.0,-1632082.494958,0.0,-1818625.169965,0.0,7717.177820999874,-1810907.992144,0.0,0.0,-1810907.992144,0.0,-0.022662,-0.022662,88832841,88832841,https://www.sedar.com/ModifyCompanyDocumentSearchForm.do?lang=EN&company_search=SILVERCREST METALS INC&document_selection=0&industry_group=A&FromDate=13&FromMonth=05&FromYear=2000&ToDate=13&ToMonth=11&ToYear=2020&Variable=Issuer,https://www.sedar.com/ModifyCompanyDocumentSearchForm.do?lang=EN&company_search=SILVERCREST METALS INC&document_selection=0&industry_group=A&FromDate=13&FromMonth=05&FromYear=2000&ToDate=13&ToMonth=11&ToYear=2020&Variable=Issuer
2019-06-30,SIL.TO,CAD,,2019-06-30,2019-06-30,2019,Q2,0.0,29810.329068,-29810.329068,0.0,0.0,1393113.193175,0.0,1393113.193175,118314.29006700008,1511427.483242,1541237.81231,179831.657526,11352.833638,39135.0,-1331124.721094,0.0,-1541237.81231,0.0,104111.06033000001,-1437126.75198,0.0,0.0,-1437126.75198,0.0,-0.015235,-0.015235,85673551,85673551,https://www.sedar.com/ModifyCompanyDocumentSearchForm.do?lang=EN&company_search=SILVERCREST METALS INC&document_selection=0&industry_group=A&FromDate=13&FromMonth=05&FromYear=2000&ToDate=13&ToMonth=11&ToYear=2020&Variable=Issuer,https://www.sedar.com/ModifyCompanyDocumentSearchForm.do?lang=EN&company_search=SILVERCREST METALS INC&document_selection=0&industry_group=A&FromDate=13&FromMonth=05&FromYear=2000&ToDate=13&ToMonth=11&ToYear=2020&Variable=Issuer
2019-03-31,SIL.TO,CAD,,2019-03-31,2019-03-31,2019,Q1,0.0,27610.095866,-27610.095866,0.0,0.0,1724681.695626,0.0,1724681.695626,25554.22408600012,1750235.919712,1777846.015578,232088.825644,11727.082085,36865.0,-1518147.094068,0.0,-1777846.015578,0.0,-492896.195327,-2270742.210905,0.0,0.0,-2270742.210905,0.0,-0.029958,-0.029958,85248361,85248361,https://www.sedar.com/ModifyCompanyDocumentSearchForm.do?lang=EN&company_search=SILVERCREST METALS INC&document_selection=0&industry_group=A&FromDate=13&FromMonth=05&FromYear=2000&ToDate=13&ToMonth=11&ToYear=2020&Variable=Issuer,https://www.sedar.com/ModifyCompanyDocumentSearchForm.do?lang=EN&company_search=SILVERCREST METALS INC&document_selection=0&industry_group=A&FromDate=13&FromMonth=05&FromYear=2000&ToDate=13&ToMonth=11&ToYear=2020&Variable=Issuer
2018-12-31,SIL.TO,CAD,,2018-12-31,2018-12-31,2018,Q4,0.0,948.024095,-948.024095,0.0,0.0,1248181.025618,0.0,1248181.025618,95956.94461999997,1344137.970238,1345085.994333,108459.455915,0.0,1429.0,-1755302.68586,0.0,-1345085.994333,0.0,519624.1715369999,-825461.822796,0.0,0.0,-825461.822796,0.0,-0.011,-0.011,73550799,73550799,https://www.sedar.com/ModifyCompanyDocumentSearchForm.do?lang=EN&company_search=SILVERCREST METALS INC&document_selection=0&industry_group=A&FromDate=13&FromMonth=05&FromYear=2000&ToDate=13&ToMonth=11&ToYear=2020&Variable=Issuer,https://www.sedar.com/ModifyCompanyDocumentSearchForm.do?lang=EN&company_search=SILVERCREST METALS INC&document_selection=0&industry_group=A&FromDate=13&FromMonth=05&FromYear=2000&ToDate=13&ToMonth=11&ToYear=2020&Variable=Issuer
2018-09-30,SIL.TO,CAD,,2018-09-30,2018-09-30,2018,Q3,0.0,666.403511,-666.403511,0.0,0.0,1018954.961649,0.0,1018954.961649,20408.51077000005,1039363.472419,1040029.87593,78287.319758,0.0,861.0,-526642.487368,0.0,-1040029.87593,0.0,-434410.7243750001,-1474440.600305,0.0,0.0,-1474440.600305,0.0,-0.02322,-0.02322,73550799,73550799,https://www.sedar.com/ModifyCompanyDocumentSearchForm.do?lang=EN&company_search=SILVERCREST METALS INC&document_selection=0&industry_group=A&FromDate=13&FromMonth=05&FromYear=2000&ToDate=13&ToMonth=11&ToYear=2020&Variable=Issuer,https://www.sedar.com/ModifyCompanyDocumentSearchForm.do?lang=EN&company_search=SILVERCREST METALS INC&document_selection=0&industry_group=A&FromDate=13&FromMonth=05&FromYear=2000&ToDate=13&ToMonth=11&ToYear=2020&Variable=Issuer
2018-06-30,SIL.TO,CAD,,2018-06-30,2018-06-30,2018,Q2,0.0,620.437956,-620.437956,0.0,0.0,976926.703163,0.0,976926.703163,4615.267639999976,981541.970803,982162.408759,39432.025547,0.0,816.0,-977858.070858,0.0,-982162.408759,0.0,35736.009732000064,-946426.399027,0.0,0.0,-946426.399027,0.0,-0.015207,-0.015207,68748804,68748804,https://www.sedar.com/ModifyCompanyDocumentSearchForm.do?lang=EN&company_search=SILVERCREST METALS INC&document_selection=0&industry_group=A&FromDate=13&FromMonth=05&FromYear=2000&ToDate=13&ToMonth=11&ToYear=2020&Variable=Issuer,https://www.sedar.com/ModifyCompanyDocumentSearchForm.do?lang=EN&company_search=SILVERCREST METALS INC&document_selection=0&industry_group=A&FromDate=13&FromMonth=05&FromYear=2000&ToDate=13&ToMonth=11&ToYear=2020&Variable=Issuer
2018-03-31,SIL.TO,CAD,,2018-03-31,2018-03-31,2018,Q1,0.0,669.810517,-669.810517,0.0,0.0,1315157.850721,0.0,1315157.850721,-18534.77981400001,1296623.070907,1297292.881424,19199.1699,0.0,865.0,-1600118.475155,0.0,-1297292.881424,0.0,322694.574147,-974598.307277,0.0,0.0,-974598.307277,0.0,-0.015487,-0.015487,63973641,63973641,https://www.sedar.com/ModifyCompanyDocumentSearchForm.do?lang=EN&company_search=SILVERCREST METALS INC&document_selection=0&industry_group=A&FromDate=13&FromMonth=05&FromYear=2000&ToDate=13&ToMonth=11&ToYear=2020&Variable=Issuer,https://www.sedar.com/ModifyCompanyDocumentSearchForm.do?lang=EN&company_search=SILVERCREST METALS INC&document_selection=0&industry_group=A&FromDate=13&FromMonth=05&FromYear=2000&ToDate=13&ToMonth=11&ToYear=2020&Variable=Issuer
2017-12-31,SIL.TO,CAD,,2017-12-31,2017-12-31,2017,Q4,0.0,-18551.659984,18551.659984,0.0,0.0,796024.285362,0.0,796024.285362,62725.31409300002,858749.599455,840197.939472,-13720.749909,0.0,-22944.0,-737106.957648,0.0,-840197.939472,0.0,-116811.73173300002,-957009.671205,0.0,0.0,-957009.671205,0.0,-0.019,-0.019,49158191,49158191,https://www.sedar.com/ModifyCompanyDocumentSearchForm.do?lang=EN&company_search=SILVERCREST METALS INC&document_selection=0&industry_group=A&FromDate=13&FromMonth=05&FromYear=2000&ToDate=13&ToMonth=11&ToYear=2020&Variable=Issuer,https://www.sedar.com/ModifyCompanyDocumentSearchForm.do?lang=EN&company_search=SILVERCREST METALS INC&document_selection=0&industry_group=A&FromDate=13&FromMonth=05&FromYear=2000&ToDate=13&ToMonth=11&ToYear=2020&Variable=Issuer
2017-09-30,SIL.TO,CAD,,2017-09-30,2017-09-30,2017,Q3,0.0,8942.145696,-8942.145696,0.0,0.0,748109.275874,0.0,748109.275874,18367.149525000015,766476.425399,775418.571095,4302.193417,0.0,11093.0,-679282.198422,0.0,-775418.571095,0.0,-82258.38955900003,-857676.960654,0.0,0.0,-857676.960654,0.0,-0.016122,-0.016122,49158191,49158191,https://www.sedar.com/ModifyCompanyDocumentSearchForm.do?lang=EN&company_search=SILVERCREST METALS INC&document_selection=0&industry_group=A&FromDate=13&FromMonth=05&FromYear=2000&ToDate=13&ToMonth=11&ToYear=2020&Variable=Issuer,https://www.sedar.com/ModifyCompanyDocumentSearchForm.do?lang=EN&company_search=SILVERCREST METALS INC&document_selection=0&industry_group=A&FromDate=13&FromMonth=05&FromYear=2000&ToDate=13&ToMonth=11&ToYear=2020&Variable=Issuer
2017-06-30,SIL.TO,CAD,,2017-06-30,2017-06-30,2017,Q2,0.0,7713.600295,-7713.600295,0.0,0.0,762569.969859,0.0,762569.969859,2573.5067970000673,765143.476656,772857.076951,19248.631359,0.0,10032.0,-717333.092349,0.0,-772857.076951,0.0,-28428.523097999976,-801285.600049,0.0,0.0,-801285.600049,0.0,-0.015378,-0.015378,48153767,48153767,https://www.sedar.com/ModifyCompanyDocumentSearchForm.do?lang=EN&company_search=SILVERCREST METALS INC&document_selection=0&industry_group=A&FromDate=13&FromMonth=05&FromYear=2000&ToDate=13&ToMonth=11&ToYear=2020&Variable=Issuer,https://www.sedar.com/ModifyCompanyDocumentSearchForm.do?lang=EN&company_search=SILVERCREST METALS INC&document_selection=0&industry_group=A&FromDate=13&FromMonth=05&FromYear=2000&ToDate=13&ToMonth=11&ToYear=2020&Variable=Issuer
2017-03-31,SIL.TO,CAD,,2017-03-31,2017-03-31,2017,Q1,0.0,5247.529207,-5247.529207,0.0,0.0,1140335.787879,0.0,1140335.787879,5834.670585999964,1146170.458465,1151417.987672,20741.162885,0.0,6998.0,-1139925.613761,0.0,-1151417.987672,0.0,14496.318180999951,-1136921.669491,0.0,0.0,-1136921.669491,0.0,-0.022496,-0.022496,48031545,48031545,https://www.sedar.com/ModifyCompanyDocumentSearchForm.do?lang=EN&company_search=SILVERCREST METALS INC&document_selection=0&industry_group=A&FromDate=13&FromMonth=05&FromYear=2000&ToDate=13&ToMonth=11&ToYear=2020&Variable=Issuer,https://www.sedar.com/ModifyCompanyDocumentSearchForm.do?lang=EN&company_search=SILVERCREST METALS INC&document_selection=0&industry_group=A&FromDate=13&FromMonth=05&FromYear=2000&ToDate=13&ToMonth=11&ToYear=2020&Variable=Issuer
2016-12-31,SIL.TO,CAD,,2016-12-31,2016-12-31,2016,Q4,0.0,5025.217037,-5025.217037,0.0,0.0,533783.385443,0.0,533783.385443,0.9386269999668002,533784.32407,538809.541107,9732.275339,0.0,7147.0,-598319.123109,0.0,-538809.541107,0.0,74267.07437799999,-464542.466729,0.0,0.0,-464542.466729,0.0,-0.00967,-0.00967,48031545,48031545,https://www.sedar.com/ModifyCompanyDocumentSearchForm.do?lang=EN&company_search=SILVERCREST METALS INC&document_selection=0&industry_group=A&FromDate=13&FromMonth=05&FromYear=2000&ToDate=13&ToMonth=11&ToYear=2020&Variable=Issuer,https://www.sedar.com/ModifyCompanyDocumentSearchForm.do?lang=EN&company_search=SILVERCREST METALS INC&document_selection=0&industry_group=A&FromDate=13&FromMonth=05&FromYear=2000&ToDate=13&ToMonth=11&ToYear=2020&Variable=Issuer
2016-09-30,SIL.TO,CAD,,2016-09-30,2016-09-30,2016,Q3,0.0,5274.767066,-5274.767066,0.0,0.0,233445.141662,0.0,233445.141662,18054.382962000003,251499.524624,256774.29169,7637.193383,0.0,6935.0,-227617.41776,0.0,-256774.29169,0.0,-16244.913481999974,-273019.205172,0.0,0.0,-273019.205172,0.0,-0.007606,-0.007606,40790514,40790514,https://www.sedar.com/ModifyCompanyDocumentSearchForm.do?lang=EN&company_search=SILVERCREST METALS INC&document_selection=0&industry_group=A&FromDate=13&FromMonth=05&FromYear=2000&ToDate=13&ToMonth=11&ToYear=2020&Variable=Issuer,https://www.sedar.com/ModifyCompanyDocumentSearchForm.do?lang=EN&company_search=SILVERCREST METALS INC&document_selection=0&industry_group=A&FromDate=13&FromMonth=05&FromYear=2000&ToDate=13&ToMonth=11&ToYear=2020&Variable=Issuer
2016-06-30,SIL.TO,CAD,,2016-06-30,2016-06-30,2016,Q2,0.0,4595.06253,-4595.06253,0.0,0.0,233805.592914,0.0,233805.592914,34042.882096999994,267848.475011,272443.537541,12148.124101,0.0,5945.0,-262307.347462,0.0,-272443.537541,0.0,6606.9965530000045,-265836.540988,0.0,0.0,-265836.540988,0.0,-0.007729,-0.007729,40217398,40217398,https://www.sedar.com/ModifyCompanyDocumentSearchForm.do?lang=EN&company_search=SILVERCREST METALS INC&document_selection=0&industry_group=A&FromDate=13&FromMonth=05&FromYear=2000&ToDate=13&ToMonth=11&ToYear=2020&Variable=Issuer,https://www.sedar.com/ModifyCompanyDocumentSearchForm.do?lang=EN&company_search=SILVERCREST METALS INC&document_selection=0&industry_group=A&FromDate=13&FromMonth=05&FromYear=2000&ToDate=13&ToMonth=11&ToYear=2020&Variable=Issuer
2016-03-31,SIL.TO,CAD,,2016-03-31,2016-03-31,2016,Q1,0.0,3626.23648,-3626.23648,0.0,0.0,202691.750639,0.0,202691.750639,6060.676096999989,208752.426736,212378.663215,8380.327263,0.0,4707.0,-112184.52436,0.0,-212378.663215,0.0,-88187.575114,-300566.238329,0.0,0.0,-300566.238329,0.0,-0.007704,-0.007704,39909983,39909983,https://www.sedar.com/ModifyCompanyDocumentSearchForm.do?lang=EN&company_search=SILVERCREST METALS INC&document_selection=0&industry_group=A&FromDate=13&FromMonth=05&FromYear=2000&ToDate=13&ToMonth=11&ToYear=2020&Variable=Issuer,https://www.sedar.com/ModifyCompanyDocumentSearchForm.do?lang=EN&company_search=SILVERCREST METALS INC&document_selection=0&industry_group=A&FromDate=13&FromMonth=05&FromYear=2000&ToDate=13&ToMonth=11&ToYear=2020&Variable=Issuer
2015-12-31,SIL.TO,CAD,,2015-12-31,2015-12-31,2015,Q4,0.0,0.0,0.0,0.0,0.0,456633.316413,0.0,456633.316413,17060.726819000032,473694.043232,476592.385081,0.0,0.0,0.0,-476592.385081,0.0,-476592.385081,0.0,83356.51334199996,-393235.871739,0.0,0.0,-393235.871739,0.0,-0.00985,-0.00985,39909983,39909983,https://www.sedar.com/ModifyCompanyDocumentSearchForm.do?lang=EN&company_search=SILVERCREST METALS INC&document_selection=0&industry_group=A&FromDate=13&FromMonth=05&FromYear=2000&ToDate=13&ToMonth=11&ToYear=2020&Variable=Issuer,https://www.sedar.com/ModifyCompanyDocumentSearchForm.do?lang=EN&company_search=SILVERCREST METALS INC&document_selection=0&industry_group=A&FromDate=13&FromMonth=05&FromYear=2000&ToDate=13&ToMonth=11&ToYear=2020&Variable=Issuer
2015-09-30,SIL.TO,CAD,,2015-09-30,2015-09-30,2015,Q3,0.0,0.0,0.0,0.0,0.0,23135.94041,0.0,23135.94041,0.0,23135.94041,23135.94041,0.0,0.0,0.0,-23135.94041,0.0,-23135.94041,0.0,0.0,-23135.94041,0.0,0.0,-23135.94041,0.0,-0.00058,-0.00058,39887607,39887607,https://www.sedar.com/ModifyCompanyDocumentSearchForm.do?lang=EN&company_search=SILVERCREST METALS INC&document_selection=0&industry_group=A&FromDate=13&FromMonth=05&FromYear=2000&ToDate=13&ToMonth=11&ToYear=2020&Variable=Issuer,https://www.sedar.com/ModifyCompanyDocumentSearchForm.do?lang=EN&company_search=SILVERCREST METALS INC&document_selection=0&industry_group=A&FromDate=13&FromMonth=05&FromYear=2000&ToDate=13&ToMonth=11&ToYear=2020&Variable=Issuer
