date,symbol,reportedCurrency,cik,fillingDate,acceptedDate,calendarYear,period,revenue,costOfRevenue,grossProfit,grossProfitRatio,researchAndDevelopmentExpenses,generalAndAdministrativeExpenses,sellingAndMarketingExpenses,sellingGeneralAndAdministrativeExpenses,otherExpenses,operatingExpenses,costAndExpenses,interestIncome,interestExpense,depreciationAndAmortization,ebitda,ebitdaratio,operatingIncome,operatingIncomeRatio,totalOtherIncomeExpensesNet,incomeBeforeTax,incomeBeforeTaxRatio,incomeTaxExpense,netIncome,netIncomeRatio,eps,epsdiluted,weightedAverageShsOut,weightedAverageShsOutDil,link,finalLink
2022-06-30,USA.TO,USD,,2022-06-30,2022-06-30,2022,Q2,19948000.0,23677000.0,-3729000.0,-0.18693603368758774,0.0,2051000.0,0.0,2051000.0,2027000.0,4078000.0,27755000.0,0.0,1078000.0,5959000.0,1129000.0,0.056597152596751556,-7807000.0,-0.3913675556446762,104000.0,-7703000.0,-0.3861540004010427,1575000.0,-7483000.0,-0.3751253258472027,-0.04,-0.04,180795755.0,180795755.0,https://www.sedar.com/ModifyCompanyDocumentSearchForm.do?lang=EN&company_search=Americas Gold and Silver Corporation&document_selection=0&industry_group=A&FromDate=13&FromMonth=05&FromYear=2000&ToDate=13&ToMonth=11&ToYear=2020&Variable=Issuer,https://www.sedar.com/ModifyCompanyDocumentSearchForm.do?lang=EN&company_search=Americas Gold and Silver Corporation&document_selection=0&industry_group=A&FromDate=13&FromMonth=05&FromYear=2000&ToDate=13&ToMonth=11&ToYear=2020&Variable=Issuer
2022-03-31,USA.TO,USD,,2022-03-31,2022-03-31,2022,Q1,26436000.0,22379000.0,4057000.0,0.15346497200786807,0.0,2649000.0,0.0,2649000.0,2493000.0,5142000.0,27521000.0,0.0,1027000.0,5760000.0,5816000.0,0.2200030261764261,-1085000.0,-0.0410425177787865,1230000.0,145000.0,0.0054849447722802236,441000.0,-1412000.0,-0.05341201392041156,-0.01,-0.01,172903384.0,172903384.0,https://www.sedar.com/ModifyCompanyDocumentSearchForm.do?lang=EN&company_search=Americas Gold and Silver Corporation&document_selection=0&industry_group=A&FromDate=13&FromMonth=05&FromYear=2000&ToDate=13&ToMonth=11&ToYear=2020&Variable=Issuer,https://www.sedar.com/ModifyCompanyDocumentSearchForm.do?lang=EN&company_search=Americas Gold and Silver Corporation&document_selection=0&industry_group=A&FromDate=13&FromMonth=05&FromYear=2000&ToDate=13&ToMonth=11&ToYear=2020&Variable=Issuer
2021-12-31,USA.TO,USD,,2021-12-31,2021-12-31,2021,Q4,14250000.0,18554000.0,-4304000.0,-0.30203508771929827,0.0,2971000.0,0.0,2971000.0,4083000.0,7054000.0,25608000.0,0.0,2183000.0,4230000.0,-26768000.0,-1.8784561403508773,-11358000.0,-0.7970526315789473,-22776000.0,-34134000.0,-2.3953684210526314,-1743000.0,-31438000.0,-2.206175438596491,-0.18182,-0.18182,172903384.0,172903384.0,https://www.sedar.com/ModifyCompanyDocumentSearchForm.do?lang=EN&company_search=Americas Gold and Silver Corporation&document_selection=0&industry_group=A&FromDate=13&FromMonth=05&FromYear=2000&ToDate=13&ToMonth=11&ToYear=2020&Variable=Issuer,https://www.sedar.com/ModifyCompanyDocumentSearchForm.do?lang=EN&company_search=Americas Gold and Silver Corporation&document_selection=0&industry_group=A&FromDate=13&FromMonth=05&FromYear=2000&ToDate=13&ToMonth=11&ToYear=2020&Variable=Issuer
2021-09-30,USA.TO,USD,,2021-09-30,2021-09-30,2021,Q3,10853000.0,20227000.0,-9374000.0,-0.8637243158573666,0.0,2836000.0,0.0,2836000.0,5823000.0,8659000.0,28886000.0,0.0,932000.0,4264000.0,-12869000.0,-1.1857550907583156,-18033000.0,-1.6615682299824934,-518000.0,-18551000.0,-1.709296968580116,52000.0,-18117000.0,-1.6693080254307564,-0.13,-0.13,144515250.0,144515250.0,https://www.sedar.com/ModifyCompanyDocumentSearchForm.do?lang=EN&company_search=Americas Gold and Silver Corporation&document_selection=0&industry_group=A&FromDate=13&FromMonth=05&FromYear=2000&ToDate=13&ToMonth=11&ToYear=2020&Variable=Issuer,https://www.sedar.com/ModifyCompanyDocumentSearchForm.do?lang=EN&company_search=Americas Gold and Silver Corporation&document_selection=0&industry_group=A&FromDate=13&FromMonth=05&FromYear=2000&ToDate=13&ToMonth=11&ToYear=2020&Variable=Issuer
2021-06-30,USA.TO,USD,,2021-06-30,2021-06-30,2021,Q2,9515000.0,20152000.0,-10637000.0,-1.1179190751445087,0.0,2341000.0,0.0,2341000.0,3221000.0,5562000.0,25714000.0,0.0,1029000.0,3376000.0,-12529000.0,-1.3167630057803468,-16199000.0,-1.7024697845507093,-1525000.0,-17724000.0,-1.8627430373095113,58000.0,-16992000.0,-1.7858118759852863,-0.13,-0.13,133928463.0,133928463.0,https://www.sedar.com/ModifyCompanyDocumentSearchForm.do?lang=EN&company_search=Americas Gold and Silver Corporation&document_selection=0&industry_group=A&FromDate=13&FromMonth=05&FromYear=2000&ToDate=13&ToMonth=11&ToYear=2020&Variable=Issuer,https://www.sedar.com/ModifyCompanyDocumentSearchForm.do?lang=EN&company_search=Americas Gold and Silver Corporation&document_selection=0&industry_group=A&FromDate=13&FromMonth=05&FromYear=2000&ToDate=13&ToMonth=11&ToYear=2020&Variable=Issuer
2021-03-31,USA.TO,USD,,2021-03-31,2021-03-31,2021,Q1,10186000.0,41409000.0,-31223000.0,-3.06528568623601,0.0,2119000.0,0.0,5803000.0,0.0,5803000.0,47212000.0,0.0,726000.0,0.0,-90378000.0,-8.872766542312979,-37026000.0,-3.634989200863931,-54751000.0,-91777000.0,-9.010111918319263,23000.0,-91127000.0,-8.946298841547222,-0.72,-0.72,127270944.0,127270944.0,https://www.sedar.com/ModifyCompanyDocumentSearchForm.do?lang=EN&company_search=Americas Gold and Silver Corporation&document_selection=0&industry_group=A&FromDate=13&FromMonth=05&FromYear=2000&ToDate=13&ToMonth=11&ToYear=2020&Variable=Issuer,https://www.sedar.com/ModifyCompanyDocumentSearchForm.do?lang=EN&company_search=Americas Gold and Silver Corporation&document_selection=0&industry_group=A&FromDate=13&FromMonth=05&FromYear=2000&ToDate=13&ToMonth=11&ToYear=2020&Variable=Issuer
2020-12-31,USA.TO,USD,,2020-12-31,2020-12-31,2020,Q4,8668000.0,8814000.0,-146000.0,-0.016843562528841716,0.0,3868000.0,0.0,6708000.0,0.0,6708000.0,15522000.0,0.0,0.0,0.0,-9061000.0,-1.0453391785879096,-6854000.0,-0.7907245039224735,-2552000.0,-9406000.0,-1.0851407475772958,-384000.0,-8677000.0,-1.001038301799723,-0.07967912297978139,-0.07967912297978139,108899291.0,108899291.0,https://www.sedar.com/ModifyCompanyDocumentSearchForm.do?lang=EN&company_search=Americas Gold and Silver Corporation&document_selection=0&industry_group=A&FromDate=13&FromMonth=05&FromYear=2000&ToDate=13&ToMonth=11&ToYear=2020&Variable=Issuer,https://www.sedar.com/ModifyCompanyDocumentSearchForm.do?lang=EN&company_search=Americas Gold and Silver Corporation&document_selection=0&industry_group=A&FromDate=13&FromMonth=05&FromYear=2000&ToDate=13&ToMonth=11&ToYear=2020&Variable=Issuer
2020-09-30,USA.TO,USD,,2020-09-30,2020-09-30,2020,Q3,7347000.0,8986000.0,-1639000.0,-0.22308425207567714,0.0,1560000.0,0.0,4580000.0,0.0,4580000.0,13566000.0,0.0,0.0,0.0,-5180000.0,-0.7050496801415543,-6219000.0,-0.8464679461004492,67000.0,-6152000.0,-0.8373485776507418,31000.0,-5211000.0,-0.7092690894242548,-0.05,-0.05,108899291.0,108899291.0,https://www.sedar.com/ModifyCompanyDocumentSearchForm.do?lang=EN&company_search=Americas Gold and Silver Corporation&document_selection=0&industry_group=A&FromDate=13&FromMonth=05&FromYear=2000&ToDate=13&ToMonth=11&ToYear=2020&Variable=Issuer,https://www.sedar.com/ModifyCompanyDocumentSearchForm.do?lang=EN&company_search=Americas Gold and Silver Corporation&document_selection=0&industry_group=A&FromDate=13&FromMonth=05&FromYear=2000&ToDate=13&ToMonth=11&ToYear=2020&Variable=Issuer
2020-06-30,USA.TO,USD,,2020-06-30,2020-06-30,2020,Q2,4603000.0,9262000.0,-4659000.0,-1.0121659787095372,0.0,1798000.0,0.0,4286000.0,0.0,4286000.0,13548000.0,0.0,96000.0,0.0,-8912000.0,-1.9361286117749295,-8945000.0,-1.9432978492287638,-1994000.0,-10939000.0,-2.3764935911362155,-223000.0,-8785000.0,-1.9085379100586575,-0.09,-0.09,101010995.0,101010995.0,https://www.sedar.com/ModifyCompanyDocumentSearchForm.do?lang=EN&company_search=Americas Gold and Silver Corporation&document_selection=0&industry_group=A&FromDate=13&FromMonth=05&FromYear=2000&ToDate=13&ToMonth=11&ToYear=2020&Variable=Issuer,https://www.sedar.com/ModifyCompanyDocumentSearchForm.do?lang=EN&company_search=Americas Gold and Silver Corporation&document_selection=0&industry_group=A&FromDate=13&FromMonth=05&FromYear=2000&ToDate=13&ToMonth=11&ToYear=2020&Variable=Issuer
2020-03-31,USA.TO,USD,,2020-03-31,2020-03-31,2020,Q1,7265000.0,12150000.0,-4885000.0,-0.6724019270474879,0.0,1908000.0,0.0,4312000.0,0.0,4312000.0,16462000.0,0.0,92000.0,0.0,-2814000.0,-0.3873365450791466,-9197000.0,-1.2659325533379215,4626000.0,-4571000.0,-0.6291810048176187,-426000.0,-2480000.0,-0.34136269786648316,-0.03,-0.03,87819387.0,87819387.0,https://www.sedar.com/ModifyCompanyDocumentSearchForm.do?lang=EN&company_search=Americas Gold and Silver Corporation&document_selection=0&industry_group=A&FromDate=13&FromMonth=05&FromYear=2000&ToDate=13&ToMonth=11&ToYear=2020&Variable=Issuer,https://www.sedar.com/ModifyCompanyDocumentSearchForm.do?lang=EN&company_search=Americas Gold and Silver Corporation&document_selection=0&industry_group=A&FromDate=13&FromMonth=05&FromYear=2000&ToDate=13&ToMonth=11&ToYear=2020&Variable=Issuer
2019-12-31,USA.TO,USD,,2019-12-31,2019-12-31,2019,Q4,13123000.0,18006000.0,-4883000.0,-0.3720947953973939,0.0,3910000.0,0.0,4791000.0,0.0,4791000.0,22797000.0,0.0,118000.0,0.0,-11482000.0,-0.8749523736950392,-9674000.0,-0.7371789987045645,-3513000.0,-13187000.0,-1.0048769336279815,1453000.0,-13053000.0,-0.9946658538443953,-0.11986303932869499,-0.11986303932869499,108899291.0,108899291.0,https://www.sedar.com/ModifyCompanyDocumentSearchForm.do?lang=EN&company_search=Americas Gold and Silver Corporation&document_selection=0&industry_group=A&FromDate=13&FromMonth=05&FromYear=2000&ToDate=13&ToMonth=11&ToYear=2020&Variable=Issuer,https://www.sedar.com/ModifyCompanyDocumentSearchForm.do?lang=EN&company_search=Americas Gold and Silver Corporation&document_selection=0&industry_group=A&FromDate=13&FromMonth=05&FromYear=2000&ToDate=13&ToMonth=11&ToYear=2020&Variable=Issuer
2019-09-30,USA.TO,USD,,2019-09-30,2019-09-30,2019,Q3,12525000.0,17964000.0,-5439000.0,-0.43425149700598803,0.0,1904000.0,0.0,2956000.0,0.0,2956000.0,20920000.0,8000.0,8000.0,0.0,-8506000.0,-0.679121756487026,-8395000.0,-0.6702594810379241,-119000.0,-8514000.0,-0.6797604790419162,278000.0,-8792000.0,-0.7019560878243513,-0.11,-0.11,81437739.0,81437739.0,https://www.sedar.com/ModifyCompanyDocumentSearchForm.do?lang=EN&company_search=Americas Gold and Silver Corporation&document_selection=0&industry_group=A&FromDate=13&FromMonth=05&FromYear=2000&ToDate=13&ToMonth=11&ToYear=2020&Variable=Issuer,https://www.sedar.com/ModifyCompanyDocumentSearchForm.do?lang=EN&company_search=Americas Gold and Silver Corporation&document_selection=0&industry_group=A&FromDate=13&FromMonth=05&FromYear=2000&ToDate=13&ToMonth=11&ToYear=2020&Variable=Issuer
2019-06-30,USA.TO,USD,,2019-06-30,2019-06-30,2019,Q2,14936000.0,18160000.0,-3224000.0,-0.2158543117300482,0.0,2667000.0,0.0,3187000.0,0.0,3187000.0,21347000.0,0.0,979000.0,0.0,-6915000.0,-0.4629753615425817,-6411000.0,-0.4292313872522764,-1483000.0,-7894000.0,-0.5285216925549009,101000.0,-7995000.0,-0.5352838778789502,-0.11,-0.11,74017916.0,74017916.0,https://www.sedar.com/ModifyCompanyDocumentSearchForm.do?lang=EN&company_search=Americas Gold and Silver Corporation&document_selection=0&industry_group=A&FromDate=13&FromMonth=05&FromYear=2000&ToDate=13&ToMonth=11&ToYear=2020&Variable=Issuer,https://www.sedar.com/ModifyCompanyDocumentSearchForm.do?lang=EN&company_search=Americas Gold and Silver Corporation&document_selection=0&industry_group=A&FromDate=13&FromMonth=05&FromYear=2000&ToDate=13&ToMonth=11&ToYear=2020&Variable=Issuer
2019-03-31,USA.TO,USD,,2019-03-31,2019-03-31,2019,Q1,17826000.0,15932000.0,1894000.0,0.10624929877706721,0.0,1230000.0,0.0,1977000.0,0.0,1977000.0,17909000.0,0.0,701000.0,0.0,-1986000.0,-0.11141029956243689,-83000.0,-0.004656120273757433,-2604000.0,-2687000.0,-0.15073488163356893,126000.0,-2813000.0,-0.15780320879614046,-0.06,-0.06,44721090.0,44721090.0,https://www.sedar.com/ModifyCompanyDocumentSearchForm.do?lang=EN&company_search=Americas Gold and Silver Corporation&document_selection=0&industry_group=A&FromDate=13&FromMonth=05&FromYear=2000&ToDate=13&ToMonth=11&ToYear=2020&Variable=Issuer,https://www.sedar.com/ModifyCompanyDocumentSearchForm.do?lang=EN&company_search=Americas Gold and Silver Corporation&document_selection=0&industry_group=A&FromDate=13&FromMonth=05&FromYear=2000&ToDate=13&ToMonth=11&ToYear=2020&Variable=Issuer
2018-12-31,USA.TO,USD,,2018-12-31,2018-12-31,2018,Q4,18886000.0,17700000.0,1186000.0,0.06279783966959653,0.0,1493000.0,0.0,2680000.0,0.0,2680000.0,20380000.0,0.0,663000.0,0.0,-5459000.0,-0.2890500900137668,-1494000.0,-0.07910621624483745,-4628000.0,-6122000.0,-0.32415545907021076,678000.0,-6800000.0,-0.36005506724557873,-0.0624430144361546,-0.0624430144361546,108899291.0,108899291.0,https://www.sedar.com/ModifyCompanyDocumentSearchForm.do?lang=EN&company_search=Americas Gold and Silver Corporation&document_selection=0&industry_group=A&FromDate=13&FromMonth=05&FromYear=2000&ToDate=13&ToMonth=11&ToYear=2020&Variable=Issuer,https://www.sedar.com/ModifyCompanyDocumentSearchForm.do?lang=EN&company_search=Americas Gold and Silver Corporation&document_selection=0&industry_group=A&FromDate=13&FromMonth=05&FromYear=2000&ToDate=13&ToMonth=11&ToYear=2020&Variable=Issuer
2018-09-30,USA.TO,USD,,2018-09-30,2018-09-30,2018,Q3,11734000.0,15252000.0,-3518000.0,-0.29981251065280384,0.0,1659000.0,0.0,2375000.0,0.0,2375000.0,17627000.0,0.0,234000.0,0.0,-5776000.0,-0.49224475882052154,-5893000.0,-0.5022157831941367,-117000.0,-6010000.0,-0.5121868075677518,-219000.0,-5791000.0,-0.4935230952786773,-0.13,-0.13,43019794.0,43019794.0,https://www.sedar.com/ModifyCompanyDocumentSearchForm.do?lang=EN&company_search=Americas Gold and Silver Corporation&document_selection=0&industry_group=A&FromDate=13&FromMonth=05&FromYear=2000&ToDate=13&ToMonth=11&ToYear=2020&Variable=Issuer,https://www.sedar.com/ModifyCompanyDocumentSearchForm.do?lang=EN&company_search=Americas Gold and Silver Corporation&document_selection=0&industry_group=A&FromDate=13&FromMonth=05&FromYear=2000&ToDate=13&ToMonth=11&ToYear=2020&Variable=Issuer
2018-06-30,USA.TO,USD,,2018-06-30,2018-06-30,2018,Q2,17351000.0,14377000.0,2974000.0,0.17140222465563945,0.0,1338000.0,0.0,2491000.0,0.0,2491000.0,16868000.0,0.0,250000.0,0.0,1536000.0,0.08852515705146677,483000.0,0.027837012275949514,803000.0,1286000.0,0.07411676560428794,-104000.0,1390000.0,0.08011065644631434,0.032735156055083044,0.03127122478138827,42461994.0,44449810.0,https://www.sedar.com/ModifyCompanyDocumentSearchForm.do?lang=EN&company_search=Americas Gold and Silver Corporation&document_selection=0&industry_group=A&FromDate=13&FromMonth=05&FromYear=2000&ToDate=13&ToMonth=11&ToYear=2020&Variable=Issuer,https://www.sedar.com/ModifyCompanyDocumentSearchForm.do?lang=EN&company_search=Americas Gold and Silver Corporation&document_selection=0&industry_group=A&FromDate=13&FromMonth=05&FromYear=2000&ToDate=13&ToMonth=11&ToYear=2020&Variable=Issuer
2018-03-31,USA.TO,USD,,2018-03-31,2018-03-31,2018,Q1,20383000.0,15358000.0,5025000.0,0.2465289702202816,0.0,2230000.0,0.0,4148000.0,0.0,4148000.0,19506000.0,0.0,262000.0,0.0,1098000.0,0.05386841976156601,877000.0,0.043026051121032236,-41000.0,836000.0,0.04101457096600108,313000.0,523000.0,0.025658637099543736,0.012518850684292825,0.011844786014655058,41776998.0,44154449.0,https://www.sedar.com/ModifyCompanyDocumentSearchForm.do?lang=EN&company_search=Americas Gold and Silver Corporation&document_selection=0&industry_group=A&FromDate=13&FromMonth=05&FromYear=2000&ToDate=13&ToMonth=11&ToYear=2020&Variable=Issuer,https://www.sedar.com/ModifyCompanyDocumentSearchForm.do?lang=EN&company_search=Americas Gold and Silver Corporation&document_selection=0&industry_group=A&FromDate=13&FromMonth=05&FromYear=2000&ToDate=13&ToMonth=11&ToYear=2020&Variable=Issuer
2017-12-31,USA.TO,USD,,2017-12-31,2017-12-31,2017,Q4,12046000.0,10595000.0,1451000.0,0.12045492279594887,0.0,1874000.0,0.0,2848000.0,0.0,2848000.0,13443000.0,0.0,129000.0,0.0,-1773000.0,-0.14718578781338204,-1397000.0,-0.11597210692346006,-505000.0,-1902000.0,-0.15789473684210525,-543000.0,-1359000.0,-0.11281753279096796,-0.012479420090990307,-0.012479420090990307,108899291.0,108899291.0,https://www.sedar.com/ModifyCompanyDocumentSearchForm.do?lang=EN&company_search=Americas Gold and Silver Corporation&document_selection=0&industry_group=A&FromDate=13&FromMonth=05&FromYear=2000&ToDate=13&ToMonth=11&ToYear=2020&Variable=Issuer,https://www.sedar.com/ModifyCompanyDocumentSearchForm.do?lang=EN&company_search=Americas Gold and Silver Corporation&document_selection=0&industry_group=A&FromDate=13&FromMonth=05&FromYear=2000&ToDate=13&ToMonth=11&ToYear=2020&Variable=Issuer
2017-09-30,USA.TO,USD,,2017-09-30,2017-09-30,2017,Q3,9814000.0,9409000.0,405000.0,0.04126757693091502,0.0,1515000.0,0.0,3003000.0,0.0,3003000.0,12412000.0,0.0,19000.0,0.0,-2744000.0,-0.2796005706134094,-2598000.0,-0.2647238638679438,-165000.0,-2763000.0,-0.28153658039535356,9000.0,-2772000.0,-0.28245363766048504,-0.07,-0.07,40137013.0,40137013.0,https://www.sedar.com/ModifyCompanyDocumentSearchForm.do?lang=EN&company_search=Americas Gold and Silver Corporation&document_selection=0&industry_group=A&FromDate=13&FromMonth=05&FromYear=2000&ToDate=13&ToMonth=11&ToYear=2020&Variable=Issuer,https://www.sedar.com/ModifyCompanyDocumentSearchForm.do?lang=EN&company_search=Americas Gold and Silver Corporation&document_selection=0&industry_group=A&FromDate=13&FromMonth=05&FromYear=2000&ToDate=13&ToMonth=11&ToYear=2020&Variable=Issuer
2017-06-30,USA.TO,USD,,2017-06-30,2017-06-30,2017,Q2,17175000.0,14633000.0,2542000.0,0.14800582241630278,0.0,993000.0,0.0,1607000.0,0.0,1607000.0,16240000.0,0.0,37000.0,0.0,871000.0,0.05071324599708879,935000.0,0.05443959243085881,-101000.0,834000.0,0.0485589519650655,-47000.0,881000.0,0.051295487627365355,0.022110492984937887,0.02066853296559454,39845335.0,42625183.0,https://www.sedar.com/ModifyCompanyDocumentSearchForm.do?lang=EN&company_search=Americas Gold and Silver Corporation&document_selection=0&industry_group=A&FromDate=13&FromMonth=05&FromYear=2000&ToDate=13&ToMonth=11&ToYear=2020&Variable=Issuer,https://www.sedar.com/ModifyCompanyDocumentSearchForm.do?lang=EN&company_search=Americas Gold and Silver Corporation&document_selection=0&industry_group=A&FromDate=13&FromMonth=05&FromYear=2000&ToDate=13&ToMonth=11&ToYear=2020&Variable=Issuer
2017-03-31,USA.TO,USD,,2017-03-31,2017-03-31,2017,Q1,15245000.0,12110000.0,3135000.0,0.20564119383404394,0.0,2269000.0,0.0,2805000.0,0.0,2805000.0,14915000.0,0.0,650000.0,0.0,588000.0,0.038570022958347,330000.0,0.02164644145621515,-392000.0,-62000.0,-0.004066907182682847,154000.0,-216000.0,-0.014168579862249918,-0.00542,-0.00507,39845335.0,42625183.0,https://www.sedar.com/ModifyCompanyDocumentSearchForm.do?lang=EN&company_search=Americas Gold and Silver Corporation&document_selection=0&industry_group=A&FromDate=13&FromMonth=05&FromYear=2000&ToDate=13&ToMonth=11&ToYear=2020&Variable=Issuer,https://www.sedar.com/ModifyCompanyDocumentSearchForm.do?lang=EN&company_search=Americas Gold and Silver Corporation&document_selection=0&industry_group=A&FromDate=13&FromMonth=05&FromYear=2000&ToDate=13&ToMonth=11&ToYear=2020&Variable=Issuer
2016-12-31,USA.TO,USD,,2016-12-31,2016-12-31,2016,Q4,14395000.0,13910000.0,485000.0,0.033692254254949636,0.0,1585000.0,0.0,1916000.0,0.0,1916000.0,15826000.0,0.0,691000.0,0.0,-1403000.0,-0.09746439736019451,-1431000.0,-0.09940951719346995,-663000.0,-2094000.0,-0.14546717610281348,310000.0,-2404000.0,-0.1670024313997916,-0.022075442162428772,-0.022075442162428772,108899291.0,108899291.0,https://www.sedar.com/ModifyCompanyDocumentSearchForm.do?lang=EN&company_search=Americas Gold and Silver Corporation&document_selection=0&industry_group=A&FromDate=13&FromMonth=05&FromYear=2000&ToDate=13&ToMonth=11&ToYear=2020&Variable=Issuer,https://www.sedar.com/ModifyCompanyDocumentSearchForm.do?lang=EN&company_search=Americas Gold and Silver Corporation&document_selection=0&industry_group=A&FromDate=13&FromMonth=05&FromYear=2000&ToDate=13&ToMonth=11&ToYear=2020&Variable=Issuer
2016-09-30,USA.TO,USD,,2016-09-30,2016-09-30,2016,Q3,16787000.0,13360000.0,3427000.0,0.204146065407756,0.0,1035000.0,0.0,1857000.0,0.0,1857000.0,15217000.0,0.0,576000.0,0.0,1513000.0,0.09012926669446596,1570000.0,0.09352475129564544,-633000.0,937000.0,0.05581700125096801,-103000.0,1040000.0,0.06195270149520462,0.02695950425826666,0.024936801991337913,38576377.0,41705428.0,https://www.sedar.com/ModifyCompanyDocumentSearchForm.do?lang=EN&company_search=Americas Gold and Silver Corporation&document_selection=0&industry_group=A&FromDate=13&FromMonth=05&FromYear=2000&ToDate=13&ToMonth=11&ToYear=2020&Variable=Issuer,https://www.sedar.com/ModifyCompanyDocumentSearchForm.do?lang=EN&company_search=Americas Gold and Silver Corporation&document_selection=0&industry_group=A&FromDate=13&FromMonth=05&FromYear=2000&ToDate=13&ToMonth=11&ToYear=2020&Variable=Issuer
2016-06-30,USA.TO,USD,,2016-06-30,2016-06-30,2016,Q2,12782000.0,12322000.0,460000.0,0.0359881082772649,0.0,1497000.0,0.0,2187000.0,0.0,2187000.0,14509000.0,0.0,610000.0,0.0,-1562000.0,-0.12220309810671257,-1727000.0,-0.1351118760757315,-445000.0,-2172000.0,-0.1699264590830856,-8000.0,-2164000.0,-0.16930057893913317,-0.0561,-0.05189,38576377.0,41705428.0,https://www.sedar.com/ModifyCompanyDocumentSearchForm.do?lang=EN&company_search=Americas Gold and Silver Corporation&document_selection=0&industry_group=A&FromDate=13&FromMonth=05&FromYear=2000&ToDate=13&ToMonth=11&ToYear=2020&Variable=Issuer,https://www.sedar.com/ModifyCompanyDocumentSearchForm.do?lang=EN&company_search=Americas Gold and Silver Corporation&document_selection=0&industry_group=A&FromDate=13&FromMonth=05&FromYear=2000&ToDate=13&ToMonth=11&ToYear=2020&Variable=Issuer
2016-03-31,USA.TO,USD,,2016-03-31,2016-03-31,2016,Q1,14902000.0,13941000.0,961000.0,0.06448798818950477,0.0,1238000.0,0.0,2221000.0,0.0,2221000.0,16162000.0,0.0,460000.0,0.0,-1208000.0,-0.0810629445711985,-1260000.0,-0.0845524090726077,-408000.0,-1668000.0,-0.11193128439135687,11000.0,-1679000.0,-0.11266944034357804,-0.04352,-0.04026,38576377.0,41705428.0,https://www.sedar.com/ModifyCompanyDocumentSearchForm.do?lang=EN&company_search=Americas Gold and Silver Corporation&document_selection=0&industry_group=A&FromDate=13&FromMonth=05&FromYear=2000&ToDate=13&ToMonth=11&ToYear=2020&Variable=Issuer,https://www.sedar.com/ModifyCompanyDocumentSearchForm.do?lang=EN&company_search=Americas Gold and Silver Corporation&document_selection=0&industry_group=A&FromDate=13&FromMonth=05&FromYear=2000&ToDate=13&ToMonth=11&ToYear=2020&Variable=Issuer
2015-12-31,USA.TO,USD,,2015-12-31,2015-12-31,2015,Q4,11382000.0,15354000.0,-3972000.0,-0.34897206114918294,0.0,1285000.0,0.0,1820000.0,0.0,1820000.0,17174000.0,0.0,357000.0,0.0,-6720000.0,-0.5904059040590406,-5792000.0,-0.5088736601651731,-1285000.0,-7077000.0,-0.6217712177121771,181000.0,-7258000.0,-0.6376735195923388,-0.06664873511435442,-0.06664873511435442,108899291.0,108899291.0,https://www.sedar.com/ModifyCompanyDocumentSearchForm.do?lang=EN&company_search=Americas Gold and Silver Corporation&document_selection=0&industry_group=A&FromDate=13&FromMonth=05&FromYear=2000&ToDate=13&ToMonth=11&ToYear=2020&Variable=Issuer,https://www.sedar.com/ModifyCompanyDocumentSearchForm.do?lang=EN&company_search=Americas Gold and Silver Corporation&document_selection=0&industry_group=A&FromDate=13&FromMonth=05&FromYear=2000&ToDate=13&ToMonth=11&ToYear=2020&Variable=Issuer
2015-09-30,USA.TO,USD,,2015-09-30,2015-09-30,2015,Q3,12836000.0,15587000.0,-2751000.0,-0.21431910252415082,0.0,963000.0,0.0,1842000.0,0.0,1842000.0,17429000.0,0.0,201000.0,0.0,-4912000.0,-0.38267373013399814,-4593000.0,-0.35782175132440014,-520000.0,-5113000.0,-0.39833281396073544,-343000.0,-4770000.0,-0.37161109379869117,-0.12,-0.12,28358734.0,28358734.0,https://www.sedar.com/ModifyCompanyDocumentSearchForm.do?lang=EN&company_search=Americas Gold and Silver Corporation&document_selection=0&industry_group=A&FromDate=13&FromMonth=05&FromYear=2000&ToDate=13&ToMonth=11&ToYear=2020&Variable=Issuer,https://www.sedar.com/ModifyCompanyDocumentSearchForm.do?lang=EN&company_search=Americas Gold and Silver Corporation&document_selection=0&industry_group=A&FromDate=13&FromMonth=05&FromYear=2000&ToDate=13&ToMonth=11&ToYear=2020&Variable=Issuer
2015-06-30,USA.TO,USD,,2015-06-30,2015-06-30,2015,Q2,15317000.0,14395000.0,922000.0,0.060194555069530586,0.0,2095000.0,0.0,2687000.0,0.0,2687000.0,17082000.0,0.0,43000.0,0.0,-1638000.0,-0.10694000130573872,-1765000.0,-0.1152314421884181,84000.0,-1681000.0,-0.10974733955735458,-222000.0,-1459000.0,-0.09525363974668669,-0.05145,-0.05145,28358734.0,28358734.0,https://www.sedar.com/ModifyCompanyDocumentSearchForm.do?lang=EN&company_search=Americas Gold and Silver Corporation&document_selection=0&industry_group=A&FromDate=13&FromMonth=05&FromYear=2000&ToDate=13&ToMonth=11&ToYear=2020&Variable=Issuer,https://www.sedar.com/ModifyCompanyDocumentSearchForm.do?lang=EN&company_search=Americas Gold and Silver Corporation&document_selection=0&industry_group=A&FromDate=13&FromMonth=05&FromYear=2000&ToDate=13&ToMonth=11&ToYear=2020&Variable=Issuer
2015-03-31,USA.TO,USD,,2015-03-31,2015-03-31,2015,Q1,13915000.0,15719000.0,-1804000.0,-0.12964426877470356,0.0,1720000.0,0.0,3303000.0,0.0,3303000.0,19022000.0,0.0,574000.0,0.0,-5593000.0,-0.40194035213798057,-5107000.0,-0.36701401365432984,-1060000.0,-6167000.0,-0.4431908012935681,-268000.0,-5899000.0,-0.4239310097017607,-0.240001,-0.240001,28004692.0,28004692.0,https://www.sedar.com/ModifyCompanyDocumentSearchForm.do?lang=EN&company_search=Americas Gold and Silver Corporation&document_selection=0&industry_group=A&FromDate=13&FromMonth=05&FromYear=2000&ToDate=13&ToMonth=11&ToYear=2020&Variable=Issuer,https://www.sedar.com/ModifyCompanyDocumentSearchForm.do?lang=EN&company_search=Americas Gold and Silver Corporation&document_selection=0&industry_group=A&FromDate=13&FromMonth=05&FromYear=2000&ToDate=13&ToMonth=11&ToYear=2020&Variable=Issuer
2014-12-31,USA.TO,USD,,2014-12-31,2014-12-31,2014,Q4,7299208.210145,10494968.320522,-3195760.110376999,-0.43782284576226854,0.0,610086.527263,0.0,648725.761078,0.0,648725.761078,11143694.0816,4471.931051,0.0,0.0,-59564204.626494005,-8.160365194639482,-3844485.871454,-0.5266990282741405,-55719718.75504,-59564204.626494,-8.16036519463948,14027675.804978,-73591880.431472,-10.08217306764703,-0.6757792429656131,-0.6757792429656131,108899291.0,108899291.0,https://www.sedar.com/ModifyCompanyDocumentSearchForm.do?lang=EN&company_search=Americas Gold and Silver Corporation&document_selection=0&industry_group=A&FromDate=13&FromMonth=05&FromYear=2000&ToDate=13&ToMonth=11&ToYear=2020&Variable=Issuer,https://www.sedar.com/ModifyCompanyDocumentSearchForm.do?lang=EN&company_search=Americas Gold and Silver Corporation&document_selection=0&industry_group=A&FromDate=13&FromMonth=05&FromYear=2000&ToDate=13&ToMonth=11&ToYear=2020&Variable=Issuer
2014-09-30,USA.TO,USD,,2014-09-30,2014-09-30,2014,Q3,7529251.554409,8429643.964235,-900392.4098260002,-0.11958591147067545,0.0,660287.767206,0.0,684477.414037,0.0,684477.414037,9114121.378272,24189.646831,0.0,0.0,-2640255.155978,-0.3506663493573823,-1584869.823864,-0.21049500237987498,-1055385.3321139999,-2640255.155978,-0.3506663493573823,-392409.826372,-2247845.329606,-0.298548310328362,-0.10751,-0.10751,16549009.0,16549009.0,https://www.sedar.com/ModifyCompanyDocumentSearchForm.do?lang=EN&company_search=Americas Gold and Silver Corporation&document_selection=0&industry_group=A&FromDate=13&FromMonth=05&FromYear=2000&ToDate=13&ToMonth=11&ToYear=2020&Variable=Issuer,https://www.sedar.com/ModifyCompanyDocumentSearchForm.do?lang=EN&company_search=Americas Gold and Silver Corporation&document_selection=0&industry_group=A&FromDate=13&FromMonth=05&FromYear=2000&ToDate=13&ToMonth=11&ToYear=2020&Variable=Issuer
2014-06-30,USA.TO,USD,,2014-06-30,2014-06-30,2014,Q2,8957811.958121,9371162.912765,-413350.95464400016,-0.04614418750655546,0.0,1571858.392149,0.0,1598102.897206,0.0,1598102.897206,10969265.809971,29056.416313,0.0,0.0,-1888667.060334,-0.2108402218269124,-2011453.85185,-0.2245474521293618,122786.79151599994,-1888667.060334,-0.2108402218269124,-48739.795105,-1839927.265229,-0.20539918384432632,-0.112477,-0.112477,16549009.0,16549009.0,https://www.sedar.com/ModifyCompanyDocumentSearchForm.do?lang=EN&company_search=Americas Gold and Silver Corporation&document_selection=0&industry_group=A&FromDate=13&FromMonth=05&FromYear=2000&ToDate=13&ToMonth=11&ToYear=2020&Variable=Issuer,https://www.sedar.com/ModifyCompanyDocumentSearchForm.do?lang=EN&company_search=Americas Gold and Silver Corporation&document_selection=0&industry_group=A&FromDate=13&FromMonth=05&FromYear=2000&ToDate=13&ToMonth=11&ToYear=2020&Variable=Issuer
2014-03-31,USA.TO,USD,,2014-03-31,2014-03-31,2014,Q1,8167327.073043,9351535.218658,-1184208.1456150003,-0.144993354009733,0.0,624219.725343,0.0,649550.380864,0.0,649550.380864,10001085.599522,29853.986864,0.0,0.0,-1953174.4739370001,-0.23914488258755165,-1833758.52648,-0.22452370403194521,-119415.94745699991,-1953174.473937,-0.23914488258755162,-845862.961154,-1107311.512783,-0.1355782011519756,-0.06691,-0.06691,16549009.0,16549009.0,https://www.sedar.com/ModifyCompanyDocumentSearchForm.do?lang=EN&company_search=Americas Gold and Silver Corporation&document_selection=0&industry_group=A&FromDate=13&FromMonth=05&FromYear=2000&ToDate=13&ToMonth=11&ToYear=2020&Variable=Issuer,https://www.sedar.com/ModifyCompanyDocumentSearchForm.do?lang=EN&company_search=Americas Gold and Silver Corporation&document_selection=0&industry_group=A&FromDate=13&FromMonth=05&FromYear=2000&ToDate=13&ToMonth=11&ToYear=2020&Variable=Issuer
2013-12-31,USA.TO,USD,,2013-12-31,2013-12-31,2013,Q4,6409694.592134,7256742.630571,-847048.0384370005,-0.1321510761958145,0.0,473351.383915,0.0,492867.333531,0.0,492867.333531,7749609.964102,33031.828785,0.0,0.0,-1342524.42323,-0.20945216717151405,-1339915.371968,-0.20904511949950766,-2609.05126200011,-1342524.42323,-0.20945216717151405,195535.207853,-1538059.631083,-0.2399583332676275,-0.014123688198144467,-0.014123688198144467,108899291.0,108899291.0,https://www.sedar.com/ModifyCompanyDocumentSearchForm.do?lang=EN&company_search=Americas Gold and Silver Corporation&document_selection=0&industry_group=A&FromDate=13&FromMonth=05&FromYear=2000&ToDate=13&ToMonth=11&ToYear=2020&Variable=Issuer,https://www.sedar.com/ModifyCompanyDocumentSearchForm.do?lang=EN&company_search=Americas Gold and Silver Corporation&document_selection=0&industry_group=A&FromDate=13&FromMonth=05&FromYear=2000&ToDate=13&ToMonth=11&ToYear=2020&Variable=Issuer
2013-09-30,USA.TO,USD,,2013-09-30,2013-09-30,2013,Q3,8350297.601737,7571880.028694,778417.573043,0.09322033898301735,0.0,713468.659726,0.0,735764.555342,0.0,735764.555342,8307644.584036,36836.697105,0.0,0.0,-5179433.490374,-0.6202693289993152,42653.017701,0.005107963779893002,-5222086.508075,-5179433.490374,-0.6202693289993152,36836.697105,-5216270.187479,-0.6246807522637192,-0.348981,-0.348981,16549009.0,16549009.0,https://www.sedar.com/ModifyCompanyDocumentSearchForm.do?lang=EN&company_search=Americas Gold and Silver Corporation&document_selection=0&industry_group=A&FromDate=13&FromMonth=05&FromYear=2000&ToDate=13&ToMonth=11&ToYear=2020&Variable=Issuer,https://www.sedar.com/ModifyCompanyDocumentSearchForm.do?lang=EN&company_search=Americas Gold and Silver Corporation&document_selection=0&industry_group=A&FromDate=13&FromMonth=05&FromYear=2000&ToDate=13&ToMonth=11&ToYear=2020&Variable=Issuer
2013-06-30,USA.TO,USD,,2013-06-30,2013-06-30,2013,Q2,5514370.437956,7391461.374696,-1877090.9367399998,-0.3403998621165859,0.0,932367.70073,0.0,954227.493917,0.0,954227.493917,8345688.868613,40868.309002,0.0,0.0,-4331090.3284680005,-0.7854188210963565,-2831318.430657,-0.513443640124126,-1499771.8978100005,-4331090.328467,-0.7854188210961751,-1301132.907543,-3029957.420925,-0.5494657014823452,-0.18317104861246586,-0.182991626652036,16541683.0,16557902.0,https://www.sedar.com/ModifyCompanyDocumentSearchForm.do?lang=EN&company_search=Americas Gold and Silver Corporation&document_selection=0&industry_group=A&FromDate=13&FromMonth=05&FromYear=2000&ToDate=13&ToMonth=11&ToYear=2020&Variable=Issuer,https://www.sedar.com/ModifyCompanyDocumentSearchForm.do?lang=EN&company_search=Americas Gold and Silver Corporation&document_selection=0&industry_group=A&FromDate=13&FromMonth=05&FromYear=2000&ToDate=13&ToMonth=11&ToYear=2020&Variable=Issuer
2013-03-31,USA.TO,USD,,2013-03-31,2013-03-31,2013,Q1,8960636.886333,6772814.388913,2187822.49742,0.2441592629154435,0.0,694874.441004,0.0,717479.974446,0.0,717479.974446,7490294.363359,37348.272642,0.0,0.0,1863482.234999,0.20796314577161723,1470342.522974,0.16408906438521187,393139.712025,1863482.234999,0.20796314577161723,630006.38852,1233475.846479,0.1376549303499096,0.0746098630108872,0.0742781835662127,16532343.0,16606166.0,https://www.sedar.com/ModifyCompanyDocumentSearchForm.do?lang=EN&company_search=Americas Gold and Silver Corporation&document_selection=0&industry_group=A&FromDate=13&FromMonth=05&FromYear=2000&ToDate=13&ToMonth=11&ToYear=2020&Variable=Issuer,https://www.sedar.com/ModifyCompanyDocumentSearchForm.do?lang=EN&company_search=Americas Gold and Silver Corporation&document_selection=0&industry_group=A&FromDate=13&FromMonth=05&FromYear=2000&ToDate=13&ToMonth=11&ToYear=2020&Variable=Issuer
2012-12-31,USA.TO,USD,,2012-12-31,2012-12-31,2012,Q4,10129402.7026,9109004.439414,1020398.2631860003,0.10073627173733413,0.0,703923.133247,0.0,-3367341.908492,0.0,-3367341.908492,7130844.60223,63857.172315,0.0,0.0,3843086.496583,0.3793991224770402,2998558.10037,0.29602516440582766,844528.3962129997,3843086.496583,0.3793991224770402,2467828.207009,1375258.289574,0.13576894215302554,0.0126287166513692,0.0126287166513692,108899291.0,108899291.0,https://www.sedar.com/ModifyCompanyDocumentSearchForm.do?lang=EN&company_search=Americas Gold and Silver Corporation&document_selection=0&industry_group=A&FromDate=13&FromMonth=05&FromYear=2000&ToDate=13&ToMonth=11&ToYear=2020&Variable=Issuer,https://www.sedar.com/ModifyCompanyDocumentSearchForm.do?lang=EN&company_search=Americas Gold and Silver Corporation&document_selection=0&industry_group=A&FromDate=13&FromMonth=05&FromYear=2000&ToDate=13&ToMonth=11&ToYear=2020&Variable=Issuer
2012-09-30,USA.TO,USD,,2012-09-30,2012-09-30,2012,Q3,11978663.957328,7447294.89459,4531369.0627379995,0.3782866836301819,0.0,2122428.244856,0.0,3201422.402845,0.0,3201422.402845,10648717.297435,44704.089408,0.0,0.0,1670307.3406139999,0.1394402035622831,1329946.659893,0.11102629346901409,340360.6807220001,1670307.340615,0.1394402035623666,580137.160274,1090170.18034,0.09100932994059689,0.06600431166947827,0.06588512795281717,16516651.0,16546529.0,https://www.sedar.com/ModifyCompanyDocumentSearchForm.do?lang=EN&company_search=Americas Gold and Silver Corporation&document_selection=0&industry_group=A&FromDate=13&FromMonth=05&FromYear=2000&ToDate=13&ToMonth=11&ToYear=2020&Variable=Issuer,https://www.sedar.com/ModifyCompanyDocumentSearchForm.do?lang=EN&company_search=Americas Gold and Silver Corporation&document_selection=0&industry_group=A&FromDate=13&FromMonth=05&FromYear=2000&ToDate=13&ToMonth=11&ToYear=2020&Variable=Issuer
2012-06-30,USA.TO,USD,,2012-06-30,2012-06-30,2012,Q2,10072755.874545,7363091.141481,2709664.7330640005,0.2690092728159561,0.0,1096254.055648,0.0,1901484.613116,0.0,1901484.613116,9264575.754596,983.187494,0.0,0.0,810146.494937,0.08042947779408934,808180.119949,0.08023426061494879,1966.374988000025,810146.494937,0.08042947779408934,244813.68597,565332.808967,0.05612493899466583,0.03422805319110999,0.03407577456509497,16516651.0,16590461.0,https://www.sedar.com/ModifyCompanyDocumentSearchForm.do?lang=EN&company_search=Americas Gold and Silver Corporation&document_selection=0&industry_group=A&FromDate=13&FromMonth=05&FromYear=2000&ToDate=13&ToMonth=11&ToYear=2020&Variable=Issuer,https://www.sedar.com/ModifyCompanyDocumentSearchForm.do?lang=EN&company_search=Americas Gold and Silver Corporation&document_selection=0&industry_group=A&FromDate=13&FromMonth=05&FromYear=2000&ToDate=13&ToMonth=11&ToYear=2020&Variable=Issuer
2012-03-31,USA.TO,USD,,2012-03-31,2012-03-31,2012,Q1,13343556.744946,6507903.098095,6835653.646850999,0.5122812288740084,0.0,1191729.059546,0.0,2030650.188933,0.0,2030650.188933,8538553.287027,0.0,1002.295256,0.0,4686732.617694,0.3512356343423312,4805003.457919,0.360099151205614,-119273.13548099995,4685730.322438,0.3511605197926531,663519.459562,4022210.862876,0.30143468789904543,0.24358738429303467,0.23734699756894356,16512394.0,16946542.0,https://www.sedar.com/ModifyCompanyDocumentSearchForm.do?lang=EN&company_search=Americas Gold and Silver Corporation&document_selection=0&industry_group=A&FromDate=13&FromMonth=05&FromYear=2000&ToDate=13&ToMonth=11&ToYear=2020&Variable=Issuer,https://www.sedar.com/ModifyCompanyDocumentSearchForm.do?lang=EN&company_search=Americas Gold and Silver Corporation&document_selection=0&industry_group=A&FromDate=13&FromMonth=05&FromYear=2000&ToDate=13&ToMonth=11&ToYear=2020&Variable=Issuer
2011-12-31,USA.TO,USD,,2011-12-31,2011-12-31,2011,Q4,12058199.984011,7095000.366685,4963199.617326,0.4116036907587477,0.0,2060356.01789,0.0,3018021.00007,0.0,3018021.00007,10113021.366755,12856.542434,7565.89221,0.0,1686339.402186,0.1398500111477718,1945178.617256,0.16131583651252085,-266405.1072789999,1678773.509977,0.1392225632518145,2483711.481647,-804937.971671,-0.0667544055280503,-0.007391581380185478,-0.007391581380185478,108899291.0,108899291.0,https://www.sedar.com/ModifyCompanyDocumentSearchForm.do?lang=EN&company_search=Americas Gold and Silver Corporation&document_selection=0&industry_group=A&FromDate=13&FromMonth=05&FromYear=2000&ToDate=13&ToMonth=11&ToYear=2020&Variable=Issuer,https://www.sedar.com/ModifyCompanyDocumentSearchForm.do?lang=EN&company_search=Americas Gold and Silver Corporation&document_selection=0&industry_group=A&FromDate=13&FromMonth=05&FromYear=2000&ToDate=13&ToMonth=11&ToYear=2020&Variable=Issuer
2011-09-30,USA.TO,USD,,2011-09-30,2011-09-30,2011,Q3,13152163.438373,5744434.807748,7407728.630624999,0.5632327080890792,0.0,1988050.49629,0.0,2868844.560085,0.0,2868844.560085,8613279.367833,27946.419967,0.0,0.0,4182326.298545,0.31799531066824843,4538884.070541,0.34510550996486755,-356557.77199599985,4182326.298545,0.31799531066824843,519417.943529,3662908.355016,0.27850234466589957,0.22616967503216964,0.21912473510644356,16195400.0,16716088.0,https://www.sedar.com/ModifyCompanyDocumentSearchForm.do?lang=EN&company_search=Americas Gold and Silver Corporation&document_selection=0&industry_group=A&FromDate=13&FromMonth=05&FromYear=2000&ToDate=13&ToMonth=11&ToYear=2020&Variable=Issuer,https://www.sedar.com/ModifyCompanyDocumentSearchForm.do?lang=EN&company_search=Americas Gold and Silver Corporation&document_selection=0&industry_group=A&FromDate=13&FromMonth=05&FromYear=2000&ToDate=13&ToMonth=11&ToYear=2020&Variable=Issuer
2011-06-30,USA.TO,USD,,2011-06-30,2011-06-30,2011,Q2,18210097.881303,7577709.288399,10632388.592904001,0.5838732258446935,0.0,2692170.528229,0.0,2692170.528229,0.0,2692170.528229,10269879.816627,0.0,205499.112047,0.0,6975703.13468,0.38306785499721113,7940218.064676,0.43603379380121415,-1170014.0420439998,6770204.022632,0.3717829561796714,3404926.072771,3365277.949862,0.1848028479471963,0.2101557971926129,0.20669843867195706,16013253.0,16281100.0,https://www.sedar.com/ModifyCompanyDocumentSearchForm.do?lang=EN&company_search=Americas Gold and Silver Corporation&document_selection=0&industry_group=A&FromDate=13&FromMonth=05&FromYear=2000&ToDate=13&ToMonth=11&ToYear=2020&Variable=Issuer,https://www.sedar.com/ModifyCompanyDocumentSearchForm.do?lang=EN&company_search=Americas Gold and Silver Corporation&document_selection=0&industry_group=A&FromDate=13&FromMonth=05&FromYear=2000&ToDate=13&ToMonth=11&ToYear=2020&Variable=Issuer
2011-03-31,USA.TO,USD,,2011-03-31,2011-03-31,2011,Q1,18792697.883549,5883433.651264,12909264.232285,0.686929801792093,0.0,924566.060643,0.0,924566.060643,0.0,924566.060643,6807999.711907,0.0,545419.843401,0.0,10815925.342882,0.5755387230670157,11984698.171641,0.6377316469357134,-1714192.6721609998,10270505.49948,0.5465157564455251,3523535.100987,6746970.398494,0.3590208516255801,0.4273886167607766,0.4198943804787526,15786500.0,16068256.0,https://www.sedar.com/ModifyCompanyDocumentSearchForm.do?lang=EN&company_search=Americas Gold and Silver Corporation&document_selection=0&industry_group=A&FromDate=13&FromMonth=05&FromYear=2000&ToDate=13&ToMonth=11&ToYear=2020&Variable=Issuer,https://www.sedar.com/ModifyCompanyDocumentSearchForm.do?lang=EN&company_search=Americas Gold and Silver Corporation&document_selection=0&industry_group=A&FromDate=13&FromMonth=05&FromYear=2000&ToDate=13&ToMonth=11&ToYear=2020&Variable=Issuer
2010-12-31,USA.TO,USD,,2010-12-31,2010-12-31,2010,Q4,13878832.629113,13134339.619908,744493.0092050005,0.05364233643421214,0.0,1874697.316001,0.0,-3134212.356416,0.0,-3134212.356416,10000127.263491,0.0,565152.9237,0.0,5213621.735854001,0.37565275662433034,3878705.365622,0.2794691361495213,767657.3224539999,4646362.688076,0.33478051160654065,-12391574.658231,17040043.470385,1.2277720991202727,0.15647524711969887,0.15647524711969887,108899291.0,108899291.0,https://www.sedar.com/ModifyCompanyDocumentSearchForm.do?lang=EN&company_search=Americas Gold and Silver Corporation&document_selection=0&industry_group=A&FromDate=13&FromMonth=05&FromYear=2000&ToDate=13&ToMonth=11&ToYear=2020&Variable=Issuer,https://www.sedar.com/ModifyCompanyDocumentSearchForm.do?lang=EN&company_search=Americas Gold and Silver Corporation&document_selection=0&industry_group=A&FromDate=13&FromMonth=05&FromYear=2000&ToDate=13&ToMonth=11&ToYear=2020&Variable=Issuer
2010-09-30,USA.TO,USD,,2010-09-30,2010-09-30,2010,Q3,8253082.961814,5108848.614072,3144234.3477420006,0.38097694671070026,0.0,1122010.079473,0.0,3147018.802093,0.0,3147018.802093,8255867.416166,0.0,505727.854235,0.0,-147006.20275299996,-0.017812277355405196,-2784.454352,-0.0003373835407790432,-649949.602636,-652734.056988,-0.07908972441063784,648110.098856,-1300844.155844,-0.15761917841645914,-0.01195,-0.01195,108899291.0,108899291.0,https://www.sedar.com/ModifyCompanyDocumentSearchForm.do?lang=EN&company_search=Americas Gold and Silver Corporation&document_selection=0&industry_group=A&FromDate=13&FromMonth=05&FromYear=2000&ToDate=13&ToMonth=11&ToYear=2020&Variable=Issuer,https://www.sedar.com/ModifyCompanyDocumentSearchForm.do?lang=EN&company_search=Americas Gold and Silver Corporation&document_selection=0&industry_group=A&FromDate=13&FromMonth=05&FromYear=2000&ToDate=13&ToMonth=11&ToYear=2020&Variable=Issuer
2010-06-30,USA.TO,USD,,2010-06-30,2010-06-30,2010,Q2,6132495.968124,5202628.782848,929867.1852760008,0.1516294817166358,0.0,1783737.785789,0.0,1707781.994118,0.0,1707781.994118,6910410.776966,0.0,478864.434114,0.0,-612647.7563809999,-0.0999018604440136,-777914.808842,-0.12685125483742843,-120441.134617,-898355.943459,-0.1464910777159169,134607.722227,-1226119.912722,-0.1999381522784896,-0.01126,-0.01126,108899291.0,108899291.0,https://www.sedar.com/ModifyCompanyDocumentSearchForm.do?lang=EN&company_search=Americas Gold and Silver Corporation&document_selection=0&industry_group=A&FromDate=13&FromMonth=05&FromYear=2000&ToDate=13&ToMonth=11&ToYear=2020&Variable=Issuer,https://www.sedar.com/ModifyCompanyDocumentSearchForm.do?lang=EN&company_search=Americas Gold and Silver Corporation&document_selection=0&industry_group=A&FromDate=13&FromMonth=05&FromYear=2000&ToDate=13&ToMonth=11&ToYear=2020&Variable=Issuer
2010-03-31,USA.TO,USD,,2010-03-31,2010-03-31,2010,Q1,5907338.630567,4623167.549539,1284171.0810280005,0.21738572330747571,0.0,728976.849127,0.0,828979.792035,0.0,828979.792035,5452147.341573,0.0,498096.919757,0.0,18071348.832647003,3.0591354182979136,455191.288994,0.07705522189614339,18498586.423386,18953777.71238,3.2085138329983924,-690262.899745,18263514.812635,3.091665461352099,2.001185,1.883468,9353968.0,9467742.0,https://www.sedar.com/ModifyCompanyDocumentSearchForm.do?lang=EN&company_search=Americas Gold and Silver Corporation&document_selection=0&industry_group=A&FromDate=13&FromMonth=05&FromYear=2000&ToDate=13&ToMonth=11&ToYear=2020&Variable=Issuer,https://www.sedar.com/ModifyCompanyDocumentSearchForm.do?lang=EN&company_search=Americas Gold and Silver Corporation&document_selection=0&industry_group=A&FromDate=13&FromMonth=05&FromYear=2000&ToDate=13&ToMonth=11&ToYear=2020&Variable=Issuer
2009-12-31,USA.TO,USD,,2009-12-31,2009-12-31,2009,Q4,7016084.32206,2600563.953284,4415520.368776,0.6293425457976187,0.0,888039.711835,0.0,2455824.171914,0.0,2455824.171914,5056388.125197,0.0,0.0,0.0,2110618.9670560006,0.30082576978440584,1959696.196863,0.27931480109230095,91465.66455199989,2051161.861415,0.2923513696900319,-9887475.356226,11998094.323282,1.7100841113835454,0.11017605544632976,0.11017605544632976,108899291.0,108899291.0,https://www.sedar.com/ModifyCompanyDocumentSearchForm.do?lang=EN&company_search=Americas Gold and Silver Corporation&document_selection=0&industry_group=A&FromDate=13&FromMonth=05&FromYear=2000&ToDate=13&ToMonth=11&ToYear=2020&Variable=Issuer,https://www.sedar.com/ModifyCompanyDocumentSearchForm.do?lang=EN&company_search=Americas Gold and Silver Corporation&document_selection=0&industry_group=A&FromDate=13&FromMonth=05&FromYear=2000&ToDate=13&ToMonth=11&ToYear=2020&Variable=Issuer
2009-09-30,USA.TO,USD,,2009-09-30,2009-09-30,2009,Q3,5064150.996351,2664906.91365,2399244.082701,0.47377024982663185,0.0,543138.740762,0.0,1307784.638413,0.0,1307784.638413,3972691.552063,0.0,0.0,0.0,849985.031341,0.16784354020120273,1091459.444289,0.2155266391297291,-480876.602115,610582.842174,0.12056963597925074,0.0,849985.031341,0.16784354020120273,0.090940607926309,0.09021449790990554,9346595.0,9421823.0,https://www.sedar.com/ModifyCompanyDocumentSearchForm.do?lang=EN&company_search=Americas Gold and Silver Corporation&document_selection=0&industry_group=A&FromDate=13&FromMonth=05&FromYear=2000&ToDate=13&ToMonth=11&ToYear=2020&Variable=Issuer,https://www.sedar.com/ModifyCompanyDocumentSearchForm.do?lang=EN&company_search=Americas Gold and Silver Corporation&document_selection=0&industry_group=A&FromDate=13&FromMonth=05&FromYear=2000&ToDate=13&ToMonth=11&ToYear=2020&Variable=Issuer
2009-06-30,USA.TO,USD,,2009-06-30,2009-06-30,2009,Q2,4005460.18347,3057590.766183,947869.417287,0.2366443239652539,0.0,1259740.729575,0.0,1259740.729575,0.0,1259740.729575,4317331.495758,0.0,412587.966751,0.0,811084.026013,0.20249459209711673,-311871.312287,-0.07786154349356694,685625.565269,373754.252982,0.09331118919230154,0.0,398496.059262,0.09948820884714824,0.04264931601079718,0.04250990103917201,9343551.0,9374194.0,https://www.sedar.com/ModifyCompanyDocumentSearchForm.do?lang=EN&company_search=Americas Gold and Silver Corporation&document_selection=0&industry_group=A&FromDate=13&FromMonth=05&FromYear=2000&ToDate=13&ToMonth=11&ToYear=2020&Variable=Issuer,https://www.sedar.com/ModifyCompanyDocumentSearchForm.do?lang=EN&company_search=Americas Gold and Silver Corporation&document_selection=0&industry_group=A&FromDate=13&FromMonth=05&FromYear=2000&ToDate=13&ToMonth=11&ToYear=2020&Variable=Issuer
2009-03-31,USA.TO,USD,,2009-03-31,2009-03-31,2009,Q1,1784981.389087,1075710.778491,709270.610596,0.39735462505790314,0.0,839388.611705,0.0,721545.89372,0.0,721545.89372,1797256.67221,12346.558961,273660.410232,0.0,8992.634829999995,0.005037943188079758,-12275.283123,-0.006876981013946976,-261313.851272,-273589.134395,-0.1532728218163317,40910.746812,-305578.522214,-0.17119423433893635,-0.03270475242378406,-0.03270475242378406,9343551.0,9343551.0,https://www.sedar.com/ModifyCompanyDocumentSearchForm.do?lang=EN&company_search=Americas Gold and Silver Corporation&document_selection=0&industry_group=A&FromDate=13&FromMonth=05&FromYear=2000&ToDate=13&ToMonth=11&ToYear=2020&Variable=Issuer,https://www.sedar.com/ModifyCompanyDocumentSearchForm.do?lang=EN&company_search=Americas Gold and Silver Corporation&document_selection=0&industry_group=A&FromDate=13&FromMonth=05&FromYear=2000&ToDate=13&ToMonth=11&ToYear=2020&Variable=Issuer
2008-12-31,USA.TO,USD,,2008-12-31,2008-12-31,2008,Q4,3228.903277,0.0,3228.903277,1.0,0.0,658773.739087,0.0,62441.41741,0.0,62441.41741,62441.41741,0.0,0.0,118601.906426,-69940209.13282001,-21660.67024398514,-59212.514133,-18.33827434682863,-70004543.854839,-70063756.368972,-21698.93315419123,5680.921811,-70064491.961057,-21699.160969031716,-0.6433879533803117,-0.6433879533803117,108899291.0,108899291.0,https://www.sedar.com/ModifyCompanyDocumentSearchForm.do?lang=EN&company_search=Americas Gold and Silver Corporation&document_selection=0&industry_group=A&FromDate=13&FromMonth=05&FromYear=2000&ToDate=13&ToMonth=11&ToYear=2020&Variable=Issuer,https://www.sedar.com/ModifyCompanyDocumentSearchForm.do?lang=EN&company_search=Americas Gold and Silver Corporation&document_selection=0&industry_group=A&FromDate=13&FromMonth=05&FromYear=2000&ToDate=13&ToMonth=11&ToYear=2020&Variable=Issuer
2008-09-30,USA.TO,USD,,2008-09-30,2008-09-30,2008,Q3,37441.904402,0.0,37441.904402,1.0,0.0,703575.477045,0.0,717316.266767,0.0,717316.266767,717316.266767,0.0,470986.2082,167768.386985,-44655.569183000014,-1.192662870551389,-679874.362365,-18.158113835915987,-11250.708483000053,-691125.070848,-18.458598244032768,0.0,-683410.164368,-18.252548188534313,-0.00628,-0.00628,108899291.0,108899291.0,https://www.sedar.com/ModifyCompanyDocumentSearchForm.do?lang=EN&company_search=Americas Gold and Silver Corporation&document_selection=0&industry_group=A&FromDate=13&FromMonth=05&FromYear=2000&ToDate=13&ToMonth=11&ToYear=2020&Variable=Issuer,https://www.sedar.com/ModifyCompanyDocumentSearchForm.do?lang=EN&company_search=Americas Gold and Silver Corporation&document_selection=0&industry_group=A&FromDate=13&FromMonth=05&FromYear=2000&ToDate=13&ToMonth=11&ToYear=2020&Variable=Issuer
2008-06-30,USA.TO,USD,,2008-06-30,2008-06-30,2008,Q2,78106.700727,0.0,78106.700727,1.0,0.0,911910.001965,0.0,920718.215759,0.0,920718.215759,920718.215759,0.0,1329942.031833,127034.940786,-446044.24962499994,-5.7107040173675,-842611.515032,-10.787954262427643,-1065537.433681,-1908148.948713,-24.430028806137873,0.0,-1903021.222244,-24.36437853002491,-0.235804,-0.235804,9229116.0,9229116.0,https://www.sedar.com/ModifyCompanyDocumentSearchForm.do?lang=EN&company_search=Americas Gold and Silver Corporation&document_selection=0&industry_group=A&FromDate=13&FromMonth=05&FromYear=2000&ToDate=13&ToMonth=11&ToYear=2020&Variable=Issuer,https://www.sedar.com/ModifyCompanyDocumentSearchForm.do?lang=EN&company_search=Americas Gold and Silver Corporation&document_selection=0&industry_group=A&FromDate=13&FromMonth=05&FromYear=2000&ToDate=13&ToMonth=11&ToYear=2020&Variable=Issuer
2008-03-31,USA.TO,USD,,2008-03-31,2008-03-31,2008,Q1,87512.872826,0.0,87512.872826,1.0,0.0,1928527.154377,0.0,1937236.957155,0.0,1937236.957155,1937236.957155,0.0,1496.16244,8709.802779,-1953586.9037209998,-22.323423293453928,-1849724.084329,-21.136594247188835,-125499.85427000001,-1975223.938599,-22.570667318010415,40958.90411,-2004751.77305,-22.908078643881403,-0.233169,-0.233169,8745071.0,8745071.0,https://www.sedar.com/ModifyCompanyDocumentSearchForm.do?lang=EN&company_search=Americas Gold and Silver Corporation&document_selection=0&industry_group=A&FromDate=13&FromMonth=05&FromYear=2000&ToDate=13&ToMonth=11&ToYear=2020&Variable=Issuer,https://www.sedar.com/ModifyCompanyDocumentSearchForm.do?lang=EN&company_search=Americas Gold and Silver Corporation&document_selection=0&industry_group=A&FromDate=13&FromMonth=05&FromYear=2000&ToDate=13&ToMonth=11&ToYear=2020&Variable=Issuer
2007-12-31,USA.TO,USD,,2007-12-31,2007-12-31,2007,Q4,0.0,0.0,0.0,0.0,0.0,995361.658368,0.0,1010008.779155,0.0,1010008.779155,1010008.779155,0.0,1914.072649,14646.113534,-1539077.411793,0.0,-1553723.525327,0.0,569725.095208,-983998.430119,0.0,0.0,-280259.378786,0.0,-0.002573564769912047,-0.002573564769912047,108899291.0,108899291.0,https://www.sedar.com/ModifyCompanyDocumentSearchForm.do?lang=EN&company_search=Americas Gold and Silver Corporation&document_selection=0&industry_group=A&FromDate=13&FromMonth=05&FromYear=2000&ToDate=13&ToMonth=11&ToYear=2020&Variable=Issuer,https://www.sedar.com/ModifyCompanyDocumentSearchForm.do?lang=EN&company_search=Americas Gold and Silver Corporation&document_selection=0&industry_group=A&FromDate=13&FromMonth=05&FromYear=2000&ToDate=13&ToMonth=11&ToYear=2020&Variable=Issuer
2007-09-30,USA.TO,USD,,2007-09-30,2007-09-30,2007,Q3,88853.746978,0.0,88853.746978,1.0,0.0,756189.564867,0.0,765895.44722,0.0,765895.44722,765895.44722,0.0,2751.813054,10994.162479,-1280177.271848,-14.407690338202272,-677041.700242,-7.6197315619073915,-619728.041901,-1296769.742143,-14.594429455677064,-407047.743755,-886875.503626,-9.981295486003404,-0.120871,-0.120871,7348746.0,7348746.0,https://www.sedar.com/ModifyCompanyDocumentSearchForm.do?lang=EN&company_search=Americas Gold and Silver Corporation&document_selection=0&industry_group=A&FromDate=13&FromMonth=05&FromYear=2000&ToDate=13&ToMonth=11&ToYear=2020&Variable=Issuer,https://www.sedar.com/ModifyCompanyDocumentSearchForm.do?lang=EN&company_search=Americas Gold and Silver Corporation&document_selection=0&industry_group=A&FromDate=13&FromMonth=05&FromYear=2000&ToDate=13&ToMonth=11&ToYear=2020&Variable=Issuer
2007-06-30,USA.TO,USD,,2007-06-30,2007-06-30,2007,Q2,178820.103335,0.0,178820.103335,1.0,0.0,3829940.817285,0.0,3839000.469704,0.0,3839000.469704,3839000.469704,0.0,4640.676374,9736.60529,-3989719.477378,-22.311358750887727,-3660180.366369,-20.468506046616305,-343916.39267299976,-4004096.759042,-22.391759563748604,1015445.749178,-5019542.50822,-28.07034787814899,-0.676377,-0.676377,7305577.0,7305577.0,https://www.sedar.com/ModifyCompanyDocumentSearchForm.do?lang=EN&company_search=Americas Gold and Silver Corporation&document_selection=0&industry_group=A&FromDate=13&FromMonth=05&FromYear=2000&ToDate=13&ToMonth=11&ToYear=2020&Variable=Issuer,https://www.sedar.com/ModifyCompanyDocumentSearchForm.do?lang=EN&company_search=Americas Gold and Silver Corporation&document_selection=0&industry_group=A&FromDate=13&FromMonth=05&FromYear=2000&ToDate=13&ToMonth=11&ToYear=2020&Variable=Issuer
2007-03-31,USA.TO,USD,,2007-03-31,2007-03-31,2007,Q1,226449.375867,0.0,0.0,0.0,0.0,875009.535368,0.0,883097.260749,0.0,883097.260749,883097.260749,0.0,0.0,8087.725381,-691257.801665,-3.0525930973242996,-656647.884882,-2.8997557726441587,-40567.787795,0.0,0.0,0.0,-699345.527046,-3.088308476755286,-0.104023,-0.104023,7279553.0,7279553.0,https://www.sedar.com/ModifyCompanyDocumentSearchForm.do?lang=EN&company_search=Americas Gold and Silver Corporation&document_selection=0&industry_group=A&FromDate=13&FromMonth=05&FromYear=2000&ToDate=13&ToMonth=11&ToYear=2020&Variable=Issuer,https://www.sedar.com/ModifyCompanyDocumentSearchForm.do?lang=EN&company_search=Americas Gold and Silver Corporation&document_selection=0&industry_group=A&FromDate=13&FromMonth=05&FromYear=2000&ToDate=13&ToMonth=11&ToYear=2020&Variable=Issuer
2006-12-31,USA.TO,USD,,2006-12-31,2006-12-31,2006,Q4,0.0,0.0,0.0,0.0,0.0,745416.672813,0.0,749719.082072,0.0,749719.082072,749719.082072,0.0,0.0,4302.409259,-1336726.90029,0.0,-1341029.309549,0.0,519641.16635900014,-821388.14319,0.0,-238618.376012,-582769.767179,0.0,-0.005351456027193051,-0.005351456027193051,108899291.0,108899291.0,https://www.sedar.com/ModifyCompanyDocumentSearchForm.do?lang=EN&company_search=Americas Gold and Silver Corporation&document_selection=0&industry_group=A&FromDate=13&FromMonth=05&FromYear=2000&ToDate=13&ToMonth=11&ToYear=2020&Variable=Issuer,https://www.sedar.com/ModifyCompanyDocumentSearchForm.do?lang=EN&company_search=Americas Gold and Silver Corporation&document_selection=0&industry_group=A&FromDate=13&FromMonth=05&FromYear=2000&ToDate=13&ToMonth=11&ToYear=2020&Variable=Issuer
2006-09-30,USA.TO,USD,,2006-09-30,2006-09-30,2006,Q3,359416.980118,0.0,359416.980118,1.0,0.0,518913.666488,0.0,520647.501343,0.0,520647.501343,520647.501343,0.0,0.0,1726.267071,-179918.905775,-0.5005854362137563,-161230.521225,-0.4485890487757882,-20414.651620999997,-181645.172846,-0.5053884009218601,-170468.386172,-11176.786674,-0.031096991217083165,-0.001875,-0.001875,5959505.0,5959505.0,https://www.sedar.com/ModifyCompanyDocumentSearchForm.do?lang=EN&company_search=Americas Gold and Silver Corporation&document_selection=0&industry_group=A&FromDate=13&FromMonth=05&FromYear=2000&ToDate=13&ToMonth=11&ToYear=2020&Variable=Issuer,https://www.sedar.com/ModifyCompanyDocumentSearchForm.do?lang=EN&company_search=Americas Gold and Silver Corporation&document_selection=0&industry_group=A&FromDate=13&FromMonth=05&FromYear=2000&ToDate=13&ToMonth=11&ToYear=2020&Variable=Issuer
2006-06-30,USA.TO,USD,,2006-06-30,2006-06-30,2006,Q2,221317.537246,0.0,221317.537246,1.0,0.0,582301.202657,0.0,584915.634536,0.0,584915.634536,584915.634536,0.0,663.256148,2654.553999,-365113.351224,-1.6497262520058107,-363598.09729,-1.6428797365743846,-4833.0640809999895,-368431.161371,-1.664717427979869,37888.170885,-406319.332256,-1.8359111406719022,-0.06818,-0.06818,5959505.0,5959505.0,https://www.sedar.com/ModifyCompanyDocumentSearchForm.do?lang=EN&company_search=Americas Gold and Silver Corporation&document_selection=0&industry_group=A&FromDate=13&FromMonth=05&FromYear=2000&ToDate=13&ToMonth=11&ToYear=2020&Variable=Issuer,https://www.sedar.com/ModifyCompanyDocumentSearchForm.do?lang=EN&company_search=Americas Gold and Silver Corporation&document_selection=0&industry_group=A&FromDate=13&FromMonth=05&FromYear=2000&ToDate=13&ToMonth=11&ToYear=2020&Variable=Issuer
2006-03-31,USA.TO,USD,,2006-03-31,2006-03-31,2006,Q1,10585.006004,0.0,10585.006004,1.0,0.0,368734.774404,0.0,369601.13227,0.0,369601.13227,369601.13227,0.0,753.988677,866.357866,-359118.20209300006,-33.92706645204469,-359016.126265,-33.917423016040836,-968.433694,0.0,0.0,0.0,-360738.548636,-34.080145868569126,-0.102934,-0.102934,3743448.0,3743448.0,https://www.sedar.com/ModifyCompanyDocumentSearchForm.do?lang=EN&company_search=Americas Gold and Silver Corporation&document_selection=0&industry_group=A&FromDate=13&FromMonth=05&FromYear=2000&ToDate=13&ToMonth=11&ToYear=2020&Variable=Issuer,https://www.sedar.com/ModifyCompanyDocumentSearchForm.do?lang=EN&company_search=Americas Gold and Silver Corporation&document_selection=0&industry_group=A&FromDate=13&FromMonth=05&FromYear=2000&ToDate=13&ToMonth=11&ToYear=2020&Variable=Issuer
2005-12-31,USA.TO,USD,,2005-12-31,2005-12-31,2005,Q4,94557.099872,0.0,94557.099872,1.0,0.0,757924.897466,0.0,750802.813876,0.0,750802.813876,750802.813876,0.0,33499.957095,-7122.08359,-926037.8509780001,-9.793424843100713,-656245.714004,-6.94020559949857,0.0,0.0,0.0,0.0,-952415.724483,-10.072387221819044,-0.008745839534281265,-0.008745839534281265,108899291.0,108899291.0,https://www.sedar.com/ModifyCompanyDocumentSearchForm.do?lang=EN&company_search=Americas Gold and Silver Corporation&document_selection=0&industry_group=A&FromDate=13&FromMonth=05&FromYear=2000&ToDate=13&ToMonth=11&ToYear=2020&Variable=Issuer,https://www.sedar.com/ModifyCompanyDocumentSearchForm.do?lang=EN&company_search=Americas Gold and Silver Corporation&document_selection=0&industry_group=A&FromDate=13&FromMonth=05&FromYear=2000&ToDate=13&ToMonth=11&ToYear=2020&Variable=Issuer
2005-09-30,USA.TO,USD,,2005-09-30,2005-09-30,2005,Q3,0.0,0.0,0.0,0.0,0.0,635803.55223,0.0,637518.599751,0.0,637518.599751,637518.599751,0.0,0.0,2214.897209,-635303.702542,0.0,-637518.599751,0.0,-26374.231282,0.0,0.0,0.0,-664543.929816,0.0,-0.206426,-0.206426,3304821.0,3304821.0,https://www.sedar.com/ModifyCompanyDocumentSearchForm.do?lang=EN&company_search=Americas Gold and Silver Corporation&document_selection=0&industry_group=A&FromDate=13&FromMonth=05&FromYear=2000&ToDate=13&ToMonth=11&ToYear=2020&Variable=Issuer,https://www.sedar.com/ModifyCompanyDocumentSearchForm.do?lang=EN&company_search=Americas Gold and Silver Corporation&document_selection=0&industry_group=A&FromDate=13&FromMonth=05&FromYear=2000&ToDate=13&ToMonth=11&ToYear=2020&Variable=Issuer
2005-06-30,USA.TO,USD,,2005-06-30,2005-06-30,2005,Q2,27532.978515,0.0,27532.978515,1.0,0.0,689766.864755,0.0,694596.094821,0.0,694596.094821,694596.094821,0.0,756.709985,4772.349343,-623309.182689,-22.638639780633266,-667063.116306,-24.227786178040393,38224.87428900006,-628838.242017,-22.839455661304793,0.0,-628838.242017,-22.839455661304793,-0.195913,-0.195913,3290862.0,3290862.0,https://www.sedar.com/ModifyCompanyDocumentSearchForm.do?lang=EN&company_search=Americas Gold and Silver Corporation&document_selection=0&industry_group=A&FromDate=13&FromMonth=05&FromYear=2000&ToDate=13&ToMonth=11&ToYear=2020&Variable=Issuer,https://www.sedar.com/ModifyCompanyDocumentSearchForm.do?lang=EN&company_search=Americas Gold and Silver Corporation&document_selection=0&industry_group=A&FromDate=13&FromMonth=05&FromYear=2000&ToDate=13&ToMonth=11&ToYear=2020&Variable=Issuer
2005-03-31,USA.TO,USD,,2005-03-31,2005-03-31,2005,Q1,37921.798793,0.0,37921.798793,1.0,0.0,312618.004464,0.0,317160.453005,0.0,317160.453005,317160.453005,0.0,799.371745,4542.448541,-245094.651567,-6.463159959918412,-279238.654212,-7.363539259734293,28802.182359000028,-250436.471853,-6.6040240659477405,0.0,-250436.471853,-6.6040240659477405,-0.0761,-0.0761,3290862.0,3290862.0,https://www.sedar.com/ModifyCompanyDocumentSearchForm.do?lang=EN&company_search=Americas Gold and Silver Corporation&document_selection=0&industry_group=A&FromDate=13&FromMonth=05&FromYear=2000&ToDate=13&ToMonth=11&ToYear=2020&Variable=Issuer,https://www.sedar.com/ModifyCompanyDocumentSearchForm.do?lang=EN&company_search=Americas Gold and Silver Corporation&document_selection=0&industry_group=A&FromDate=13&FromMonth=05&FromYear=2000&ToDate=13&ToMonth=11&ToYear=2020&Variable=Issuer
2004-09-30,USA.TO,USD,,2004-09-30,2004-09-30,2004,Q3,67470.404935,0.0,0.0,0.0,0.0,0.0,0.0,473227.665935,169595.38213900005,642823.048074,642823.048074,0.0,0.0,153254.520993,-448050.595603,-6.6406981851471825,-575352.643139,-8.527481696505102,-25182.565672,0.0,0.0,0.0,-601305.116596,-8.912131432667236,-0.190297,-0.190297,3224091.0,3224091.0,,
2004-06-30,USA.TO,USD,,2004-06-30,2004-06-30,2004,Q2,68250.622581,0.0,68250.622581,1.0,0.0,0.0,0.0,2376494.194245,1001.3801800003275,2377495.574425,2377495.574425,0.0,464.31036,1001.380179,-2311793.783193,-33.87212740000075,-2309244.951844,-33.83478222639482,-3550.211527,0.0,0.0,0.0,-2313259.473732,-33.89360252335601,-0.810109,-0.810109,2977851.0,2977851.0,,
2004-03-31,USA.TO,USD,,2004-03-31,2004-03-31,2004,Q1,0.0,0.0,0.0,0.0,0.0,0.0,0.0,872338.975544,2229.4861040000105,874568.461648,874568.461648,0.0,131930.044916,2229.486104,-861546.736255,0.0,-863776.222359,0.0,0.0,0.0,0.0,0.0,-934843.864322,0.0,-0.5063781062531619,-0.5063781062531619,1846138.0,1846138.0,,
2003-12-31,USA.TO,USD,,2003-12-31,2003-12-31,2004,Q4,0.0,0.0,0.0,0.0,0.0,0.0,0.0,108746.346692,3198.7168119999988,111945.063504,111945.063504,0.0,25154.036568,3460.795619,-108484.267885,0.0,-111945.063504,0.0,0.0,0.0,0.0,0.0,-137099.100072,0.0,-0.092538,-0.092538,1846138.0,1846138.0,,
2003-09-30,USA.TO,USD,,2003-09-30,2003-09-30,2004,Q3,0.0,0.0,0.0,0.0,0.0,0.0,0.0,130755.008616,3066.9220579999965,133821.930674,133821.930674,0.0,3303.578692,3055.102162,-130755.008616,0.0,-133821.930674,0.0,0.0,0.0,0.0,0.0,-137125.509366,0.0,-0.177493,-0.177493,702477.0,702477.0,,
2003-06-30,USA.TO,USD,,2003-06-30,2003-06-30,2004,Q2,0.0,0.0,0.0,0.0,0.0,0.0,0.0,32724.316619,3079.4815070000004,35803.798126,35803.798126,0.0,0.0,3079.481507,-32724.316619,0.0,-35803.798126,0.0,0.0,0.0,0.0,0.0,-35832.751785,0.0,-0.058364,-0.058364,613950.0,613950.0,,
2003-03-31,USA.TO,USD,,2003-03-31,2003-03-31,2003,Q1,0.0,0.0,0.0,0.0,0.0,82108.599372,0.0,86180.395165,0.0,86180.395165,86180.395165,0.0,0.0,4071.795793,-82108.599372,0.0,-86180.395165,0.0,0.0,0.0,0.0,0.0,-89573.704653,0.0,-0.0008225370783451657,-0.0008225370783451657,108899291.0,108899291.0,https://www.sedar.com/ModifyCompanyDocumentSearchForm.do?lang=EN&company_search=Americas Gold and Silver Corporation&document_selection=0&industry_group=A&FromDate=13&FromMonth=05&FromYear=2000&ToDate=13&ToMonth=11&ToYear=2020&Variable=Issuer,https://www.sedar.com/ModifyCompanyDocumentSearchForm.do?lang=EN&company_search=Americas Gold and Silver Corporation&document_selection=0&industry_group=A&FromDate=13&FromMonth=05&FromYear=2000&ToDate=13&ToMonth=11&ToYear=2020&Variable=Issuer
2002-12-31,USA.TO,USD,,2002-12-31,2002-12-31,2003,Q4,0.0,0.0,0.0,0.0,0.0,53963.958814,0.0,56677.528568,0.0,56677.528568,56677.528568,0.0,2324.82802,2757.156363,-53920.372205,0.0,-56677.528568,0.0,0.0,0.0,0.0,0.0,-59002.356588,0.0,-0.076224,-0.076224,584154.0,584154.0,https://www.sedar.com/ModifyCompanyDocumentSearchForm.do?lang=EN&company_search=Americas Gold and Silver Corporation&document_selection=0&industry_group=A&FromDate=13&FromMonth=05&FromYear=2000&ToDate=13&ToMonth=11&ToYear=2020&Variable=Issuer,https://www.sedar.com/ModifyCompanyDocumentSearchForm.do?lang=EN&company_search=Americas Gold and Silver Corporation&document_selection=0&industry_group=A&FromDate=13&FromMonth=05&FromYear=2000&ToDate=13&ToMonth=11&ToYear=2020&Variable=Issuer
2002-09-30,USA.TO,USD,,2002-09-30,2002-09-30,2003,Q3,0.0,0.0,0.0,0.0,0.0,47707.38162,0.0,50400.428468,0.0,50400.428468,50400.428468,0.0,582.212281,2567.762011,-47832.666457,0.0,-50400.428468,0.0,0.0,0.0,0.0,0.0,-50982.640749,0.0,-0.075612,-0.075612,519770.0,519770.0,https://www.sedar.com/ModifyCompanyDocumentSearchForm.do?lang=EN&company_search=Americas Gold and Silver Corporation&document_selection=0&industry_group=A&FromDate=13&FromMonth=05&FromYear=2000&ToDate=13&ToMonth=11&ToYear=2020&Variable=Issuer,https://www.sedar.com/ModifyCompanyDocumentSearchForm.do?lang=EN&company_search=Americas Gold and Silver Corporation&document_selection=0&industry_group=A&FromDate=13&FromMonth=05&FromYear=2000&ToDate=13&ToMonth=11&ToYear=2020&Variable=Issuer
2002-06-30,USA.TO,USD,,2002-06-30,2002-06-30,2003,Q2,0.0,0.0,0.0,0.0,0.0,36350.148368,0.0,39168.480053,0.0,39168.480053,39168.480053,0.0,335.641279,2818.331685,-36350.148368,0.0,-39168.480053,0.0,0.0,0.0,0.0,0.0,-39504.121332,0.0,-0.07913,-0.07913,428798.0,428798.0,https://www.sedar.com/ModifyCompanyDocumentSearchForm.do?lang=EN&company_search=Americas Gold and Silver Corporation&document_selection=0&industry_group=A&FromDate=13&FromMonth=05&FromYear=2000&ToDate=13&ToMonth=11&ToYear=2020&Variable=Issuer,https://www.sedar.com/ModifyCompanyDocumentSearchForm.do?lang=EN&company_search=Americas Gold and Silver Corporation&document_selection=0&industry_group=A&FromDate=13&FromMonth=05&FromYear=2000&ToDate=13&ToMonth=11&ToYear=2020&Variable=Issuer
2002-03-31,USA.TO,USD,,2002-03-31,2002-03-31,2002,Q1,0.0,0.0,0.0,0.0,0.0,52675.880293,0.0,56016.928775,0.0,56016.928775,56016.928775,0.0,0.0,3341.048482,-52675.880293,0.0,-56016.928775,0.0,0.0,0.0,0.0,0.0,-93568.474098,0.0,-0.0008592202321868193,-0.0008592202321868193,108899291.0,108899291.0,https://www.sedar.com/ModifyCompanyDocumentSearchForm.do?lang=EN&company_search=Americas Gold and Silver Corporation&document_selection=0&industry_group=A&FromDate=13&FromMonth=05&FromYear=2000&ToDate=13&ToMonth=11&ToYear=2020&Variable=Issuer,https://www.sedar.com/ModifyCompanyDocumentSearchForm.do?lang=EN&company_search=Americas Gold and Silver Corporation&document_selection=0&industry_group=A&FromDate=13&FromMonth=05&FromYear=2000&ToDate=13&ToMonth=11&ToYear=2020&Variable=Issuer
2001-12-31,USA.TO,USD,,2001-12-31,2001-12-31,2002,Q4,0.0,0.0,0.0,0.0,0.0,60897.121823,0.0,64248.922725,0.0,64248.922725,64248.922725,0.0,967.976985,3288.123061,-60960.799664,0.0,-64248.922725,0.0,0.0,0.0,0.0,0.0,-65216.89971,0.0,-0.150756,-0.150756,428798.0,428798.0,https://www.sedar.com/ModifyCompanyDocumentSearchForm.do?lang=EN&company_search=Americas Gold and Silver Corporation&document_selection=0&industry_group=A&FromDate=13&FromMonth=05&FromYear=2000&ToDate=13&ToMonth=11&ToYear=2020&Variable=Issuer,https://www.sedar.com/ModifyCompanyDocumentSearchForm.do?lang=EN&company_search=Americas Gold and Silver Corporation&document_selection=0&industry_group=A&FromDate=13&FromMonth=05&FromYear=2000&ToDate=13&ToMonth=11&ToYear=2020&Variable=Issuer
2001-09-30,USA.TO,USD,,2001-09-30,2001-09-30,2002,Q3,0.0,0.0,0.0,0.0,0.0,79194.039315,0.0,82577.679138,0.0,82577.679138,82577.679138,0.0,438.807863,3241.676738,-79336.00240000001,0.0,-82577.679138,0.0,0.0,0.0,0.0,0.0,-83016.487001,0.0,-0.228282,-0.228282,428798.0,428798.0,https://www.sedar.com/ModifyCompanyDocumentSearchForm.do?lang=EN&company_search=Americas Gold and Silver Corporation&document_selection=0&industry_group=A&FromDate=13&FromMonth=05&FromYear=2000&ToDate=13&ToMonth=11&ToYear=2020&Variable=Issuer,https://www.sedar.com/ModifyCompanyDocumentSearchForm.do?lang=EN&company_search=Americas Gold and Silver Corporation&document_selection=0&industry_group=A&FromDate=13&FromMonth=05&FromYear=2000&ToDate=13&ToMonth=11&ToYear=2020&Variable=Issuer
2001-06-30,USA.TO,USD,,2001-06-30,2001-06-30,2002,Q2,0.0,0.0,0.0,0.0,0.0,74691.774034,0.0,78217.376941,0.0,78217.376941,78217.376941,0.0,340.270895,3525.602907,-74691.774034,0.0,-78217.376941,0.0,0.0,0.0,0.0,0.0,-78557.647836,0.0,-0.23786,-0.23786,428798.0,428798.0,https://www.sedar.com/ModifyCompanyDocumentSearchForm.do?lang=EN&company_search=Americas Gold and Silver Corporation&document_selection=0&industry_group=A&FromDate=13&FromMonth=05&FromYear=2000&ToDate=13&ToMonth=11&ToYear=2020&Variable=Issuer,https://www.sedar.com/ModifyCompanyDocumentSearchForm.do?lang=EN&company_search=Americas Gold and Silver Corporation&document_selection=0&industry_group=A&FromDate=13&FromMonth=05&FromYear=2000&ToDate=13&ToMonth=11&ToYear=2020&Variable=Issuer
